2413 3022
2164 927 2197 951 Ar.

1386 966 1400 973 -
2168 952 2187 975 k

191 916 433 1053 Quum
498 1005 665 1037 mense
722 991 880 1055 Aprili
944 1005 1349 1037 crorocccrxt
1419 992 1529 1038 fons
1593 991 1679 1038 ille
1735 992 1953 1039 salutaris
2021 1009 2176 1055 prope

190 1073 616 1134 Oppenhemium,
676 1074 731 1120 in
759 1075 861 1136 ipsa
889 1074 1051 1120 Rheni
1081 1074 1210 1135 ripa,
1257 1073 1423 1120 Batavi
1460 1074 1735 1130 cuiusdam,
1785 1076 1872 1139 qui
1899 1075 2004 1122 eius
2037 1076 2174 1139 aquis

190 1155 420 1203 diuturna
456 1156 758 1220 aegritudine
792 1175 843 1205 se
867 1144 1081 1204 levatum
1108 1172 1210 1203 esse
1241 1153 1541 1211 affirmabat,
1594 1174 1706 1205 cura
1748 1168 1798 1204 et
1829 1156 2069 1205 sumtibus
2101 1174 2174 1205 re-

189 1249 481 1286 stauraretur
508 1250 564 1286 ut
597 1239 700 1287 eius
724 1240 777 1288 i'n
805 1251 1056 1304 posterum
1083 1239 1393 1288 commodior
1423 1256 1536 1287 usus
1556 1251 1703 1294 esset;
1740 1239 1870 1287 inter
1896 1240 1987 1287 alia
2016 1240 2174 1286 mino-

188 1323 255 1370 ris
292 1324 531 1370 momenti
572 1339 694 1387 quae
727 1324 808 1371 hic
851 1339 1102 1370 recensere
1140 1323 1217 1369 nil
1256 1322 1497 1377 interest,
1565 1323 1697 1368 unde
1736 1334 1901 1368 tamen
1945 1323 2174 1385 colligere

191 1405 387 1460 licebat,
433 1407 530 1452 iam
562 1410 809 1453 Romanos
842 1423 1079 1468 aquarum
1107 1407 1612 1467 Oppenhemiensium
1645 1406 1877 1451 virtutem
1907 1420 2008 1450 non
2037 1404 2173 1467 igno-

186 1484 334 1545 rasse,
377 1490 605 1536 inventus
634 1505 831 1553 quoque
859 1500 932 1535 est
964 1489 1086 1552 lapis
1120 1487 1314 1534 votivus
1348 1484 1415 1549 (¹)
1450 1503 1564 1533 cum
1594 1488 1683 1532 hac
1710 1486 2064 1549 inscriptione:

1091 1585 1135 1624 D
1166 1585 1201 1624 Ε
1234 1584 1273 1625 Ο
1307 1606 1309 1609 f

971 1655 1016 1696 A
1035 1656 1070 1696 P
1090 1655 1130 1697 O
1151 1657 1184 1694 L
1207 1657 1242 1695 L
1264 1656 1284 1694 1
1306 1656 1348 1695 N
1369 1655 1389 1694 I

907 1730 945 1769 E
967 1728 1007 1766 T
1078 1726 1106 1766 S
1128 1727 1147 1766 1
1167 1727 1206 1766 R
1228 1727 1266 1767 Ο
1288 1727 1328 1766 Ν
1347 1726 1387 1766 A
1411 1727 1448 1766 E

907 1800 928 1838 1
951 1800 986 1849 v
1006 1798 1042 1836 L
1063 1799 1082 1837 1
1104 1797 1147 1837 A
1222 1799 1256 1837 F
1278 1798 1317 1837 R
1341 1797 1380 1838 ο
1406 1797 1449 1836 N

1078 1868 1118 1907 T
1140 1869 1158 1908 Ι
1177 1869 1219 1909 N
1237 1867 1282 1908 A

1021 1940 1058 1980 V
1087 1939 1115 1980 S
1148 1940 1183 1979 L
1212 1940 1248 1979 L
1279 1939 1328 1980 M
1366 1958 1371 1965 ¹

184 2027 427 2091 Equidem
464 2041 521 2077 ut
548 2041 659 2078 ante
690 2031 778 2079 hos
817 2041 914 2077 tres
949 2040 999 2076 et
1031 2028 1167 2093 quod
1201 2029 1418 2075 excurrit
1450 2043 1632 2083 annos,
1681 2026 1825 2074 titulo
1859 2026 1919 2074 ad
1950 2044 2031 2074 me
2060 2046 2168 2092 per·

183 2112 314 2164 lato,
374 2111 433 2158 de
475 2114 676 2170 Sirona,
736 2114 938 2162 eruditis
978 2124 1172 2161 tanturn
1217 2130 1320 2160 non
1358 2113 1633 2177 incognita,
1691 2110 1855 2172 paullo
1895 2113 2167 2159 accuratius

184 2193 424 2257 dispicere
455 2211 630 2258 operae
659 2188 875 2260 pretium
902 2214 1003 2245 esse
1033 2196 1177 2254 duxi,
1224 2198 1290 2245 ita
1322 2195 1494 2252 hodie,
1547 2210 1700 2258 quum
1731 2194 1982 2253 Gymnasii
2012 2196 2168 2244 nostri

183 2279 403 2326 solennia
432 2279 531 2324 sint
558 2280 839 2336 indicenda,
881 2298 985 2330 rem
1021 2280 1080 2327 ab
1108 2281 1336 2328 instituto
1363 2296 1466 2330 non
1496 2280 1638 2341 plane
1667 2276 1875 2322 alienam
1906 2292 1987 2322 me
2016 2277 2169 2324 factu-

181 2378 295 2409 rum
326 2378 426 2409 esse
464 2360 720 2410 arbitratus
754 2381 889 2418 sum,
940 2367 983 2411 si
1017 2367 1215 2424 ceteris,
1275 2381 1398 2429 quae
1439 2363 1497 2409 ad
1537 2362 1762 2408 Sironam
1791 2368 2038 2420 spectant,
2093 2360 2168 2406 in·

225 2526 281 2574 (Ξ)
306 2527 403 2563 Aere
425 2540 624 2577 expressus
640 2528 879 2579 conspicitur
900 2529 944 2565 in
960 2530 1086 2566 fronte
1109 2529 1237 2568 libelli
1261 2544 1306 2569 eo
1338 2538 1508 2578 tempore
1533 2525 1632 2563 editi
1651 2540 1661 2563 ι
1706 2523 1931 2571 1”ον·Ῐᾶ””]ἶὲθ
1955 2522 2168 2559 Nuh'ffl'*

300 2588 392 2629 “Ber
414 2590 475 2627 dio
500 2592 741 2630 Niersteinaer
765 2591 1079 2642 Mineralquollo.

5 2987 258 3022 ,μω-ὼ*
325 3013 337 3022 2
353 3013 379 3022 r,
