2413 3022
1002 149 1397 197 υ--έΦΦᾺι--ι-
2132 170 2194 217 ¹9

205 280 314 326 simi
353 279 623 333 Meuself
668 277 928 325 teutonicae
962 272 1236 319 eruditionis
1272 270 1572 327 aichivarii3
1635 271 1918 335 amplissimi
1949 274 2183 325 Harles,

205 358 440 424 philologi
468 362 581 408 satis
617 362 743 406 acuti
751 376 770 410 ;
822 358 1117 414 aliorumque
1139 368 1255 413 quos
1276 351 1519 400 brevitatis
1542 357 1696 403 stuah'o
1716 358 1900 403 omitto.
1966 357 2193 417 Adscrip·

209 452 283 486 tus
314 442 525 489 instituto
556 444 686 506 regio
730 440 796 485 ad
822 437 937 501 phil.
964 450 1082 480 mor.
1122 443 1166 479 et
1203 434 1380 481 litteras
1406 436 1711 501 elegantiores
1743 438 1975 500 spectanti
2004 439 2196 499 saepius,

221 524 439 570 natalitia
477 527 793 570 Borussorum
839 522 966 584 regis
1003 518 1054 561 in
1096 515 1330 563 auditorio
1372 519 1555 579 majore
1588 519 1776 581 publica
1825 523 2040 567 oratione
2080 520 2192 566 cele·

207 604 369 658 bravi,
410 608 593 667 saepius
636 607 684 648 in
722 595 1117 663 disputationibus
1155 598 1472 657 respondentis
1510 600 1665 646 locum
1702 605 1874 666 peregi.
1961 604 2028 648 At
2065 606 2190 649 Ven-

206 687 410 735 Pfeiff
418 704 504 738 er,
549 702 654 732 cum
684 682 969 745 amplissimi
1005 668 1389 741 philosophorum
1416 681 1593 727 ordinis
1622 686 1831 730 existeret
1864 686 2079 738 decanus,
2116 701 2193 730 me

207 769 425 830 incitavit
467 777 518 811 ut
552 782 761 812 summos
811 766 858 809 in
895 759 1198 825 Philosophia
1237 776 1499 822 aucuparer
1537 760 1746 813 honores.
1852 768 1993 811 Cuius
2033 776 2194 812 aucto.

205 849 338 894 ritati
368 848 553 903 cedens,
608 848 806 909 praevio
846 846 1068 892 examine
1111 844 1315 892 doctoris
1341 841 1664 907 philosophiae
1691 847 1812 908 jura
1842 864 1900 892 ac
1928 846 2191 911 privilegia

204 931 374 992 accepi.
514 915 516 917 Ι
616 929 618 932 ⁴

376 1026 605 1074 Absoluto
641 1028 797 1074 stadio
828 1028 1098 1076 academico
1126 1029 1192 1075 ad
1219 1038 1407 1089 penates
1438 1043 1674 1081 rei-ersus,
1721 1028 2195 1089 Candidatorurnque

209 1109 366 1156 ordini
397 1111 676 1170 adscriptus,
715 1113 999 1157 Insiiiuioris
1024 1110 1203 1173 publici
1220 1128 1410 1157 munere
1432 1114 1480 1156 in
1507 1095 1926 1171 Orphanotropheo
1948 1126 2032 1170 per
2057 1110 2192 1170 quin-

210 1207 300 1257 que
334 1206 483 1239 annos
502 1186 551 1259 s
545 1202 708 1236 unctus
749 1207 887 1244 sum,·
930 1193 1075 1238 simul
1103 1195 1447 1242 concionatoris
1469 1189 1700 1257 ossicium
1723 1193 1771 1236 in
1798 1190 2017 1254 hospitali
2041 1200 2201 1240 mente

209 1282 515 1337 aegrotorum
545 1270 661 1318 mihi
690 1272 1082 1321 demandabatur.
1152 1278 1294 1324 Anno
1317 1277 1654 1323 MDCCCIV.
1692 1287 1873 1319 summe
1901 1268 2196 1318 Venerabilis

195 1352 522 1419 'Hufnagel
556 1370 615 1405 ex
647 1356 827 1403 decreto
861 1355 967 1403 nob.
994 1356 1296 1419 Reipublicae
1317 1369 1513 1420 patrum
1542 1373 1618 1402 me
1643 1358 1691 1400 in
1718 1356 1931 1402 ordinem
1959 1356 2196 1399 ministro-

217 1454 328 1482 rum
354 1436 489 1484 verbi
523 1439 678 1484 divini
707 1437 838 1500 apud
862 1437 1282 1502 Francofurtenses
1307 1442 1373 1485 acl
1400 1443 1545 1485 ritum
1575 1432 1962 1500 protestantium,
2009 1436 2192 1496 recepit.

209 1518 389 1581 Elapso
428 1517 610 1567 hiennio
642 1531 748 1581 post
782 1518 977 1566 abitum·
1001 1523 1293 1569 Conrectoris
1330 1522 1593 1584 Gymnasii,
1639 1519 1759 1565 doct.
1793 1520 1891 1563 Mo
1909 1517 2077 1568 sche,
2128 1517 2196 1561 iu-

212 1600 344 1647 bente
388 1604 562 1646 Senatu
605 1602 907 1661 provinciam
944 1603 1102 1661 accepi
1146 1602 1386 1665 religionis
1418 1601 1700 1646 christianae
1734 1596 2064 1662 fundamenta
2116 1611 2197 1642 nec

216 1698 310 1728 non
379 1681 624 1727 historiam
674 1682 1029 1727 ecclesiasticam
1092 1699 1148 1728 ac
1191 1684 1412 1747 linguam
1453 1680 1723 1727 hebraicam
1768 1678 1954 1740 publice
1998 1679 2196 1730 docere,

213 1763 446 1824 simulque
480 1774 672 1824 patrum
708 1763 895 1823 patriae
929 1760 1153 1826 beneficio
1188 1760 1470 1826 professoris
1502 1763 1639 1809 titulo
1672 1772 1834 1807 auctus
1864 1776 1983 1805 sum.

374 1861 465 1907 Sed
489 1861 603 1922 jam
633 1871 817 1921 ternpus
852 1869 917 1905 est
953 1859 1063 1907 vela
1097 1860 1369 1909 contrahere
1403 1861 1689 1908 narrationis
1729 1873 1871 1905 meae.
1949 1862 2060 1923 Ego
2093 1860 2197 1922 qui·

216 1943 324 1990 dem
356 1958 431 1988 nze
452 1939 650 2005 felicem
677 1942 920 2003 praedico,
966 1945 1042 1988 cui
1073 1960 1174 1991 sors
1212 1946 1411 2010 contigit
1442 1944 1661 2006 auspiciis
1691 1941 1861 2002 optimi
1896 1942 2016 1994 viri,
2072 1944 2192 1988 Ven.

215 2026 475 2073 Ministerii
510 2025 711 2070 Senioris
732 2055 745 2078 ,
823 2024 1000 2069 intrare
1047 2027 1333 2072 curriculum
1369 2029 1483 2073 satis
1521 2022 1734 2089 difficile
1769 2026 2110 2071 concionatoris
2153 2036 2197 2071 et

218 2106 494 2153 institutoris
512 2104 703 2167 publici.
772 2109 961 2152 Metam
988 2110 1192 2173 attigero
1213 2113 1506 2172 propositam
1526 2110 1568 2153 si
1590 2108 1724 2151 illurn
1751 2106 1995 2159 imitando,
2022 2102 2195 2168 facem

217 2188 422 2249 purioris
446 2187 688 2233 doctrinae
712 2198 904 2242 secutus,
952 2205 1046 2235 non
1080 2190 1258 2235 inutilis
1288 2207 1365 2237 ero
1397 2197 1582 2251 patriae
1617 2204 1743 2249 pars,
1845 2189 1975 2254 Quid
1999 2188 2194 2235 multis?

217 2268 303 2317 hoc
324 2280 576 2331 praeeunte
589 2285 769 2331 sequar.
848 2271 989 2337 Quod
1009 2272 1050 2315 si
1073 2286 1269 2333 operum
1297 2273 1634 2322 monumentis,
1669 2269 1930 2315 eruditione
1955 2281 1998 2316 et
2023 2272 2196 2318 doctri-

218 2366 280 2397 na
311 2351 527 2413 consequi
562 2365 656 2396 non
688 2360 850 2412 potero
870 2384 883 2407 ,
936 2362 1096 2398 tamen
1133 2362 1318 2414 partem
1352 2353 1597 2401 titulorum
1634 2351 1751 2405 eius,
1808 2348 1948 2414 probi
1989 2368 2045 2400 ac
2084 2369 2195 2400 can·

217 2436 320 2481 didi
357 2435 455 2480 viri
485 2448 681 2485 nomen,
739 2448 1033 2496 consequar3
1099 2438 1176 2480 cui
1211 2438 1349 2484 titulo
1383 2437 1568 2483 nullam
1605 2434 1848 2485 lauream,
1906 2435 2037 2480 nulla
2071 2450 2196 2483 com-

218 2517 362 2565 moda
390 2526 698 2578 anteponunt,
755 2517 1022 2579 quicunque
1049 2535 1215 2565 veram
1249 2523 1476 2566 virtutem
1504 2517 1866 2578 amplectuntur.

379 2629 511 2673 Haec
539 2626 641 2674 illi:
686 2642 774 2674 nos
803 2627 917 2675 viris
939 2629 1165 2691 optimis,
1214 2646 1425 2693 quorum
1456 2626 1665 2691 insignis
1695 2626 1916 2673 doctrina
1941 2635 1990 2672 et
2018 2625 2071 2671 in
2110 2624 2197 2673 do·
