2413 3022
202 116 238 174 4
741 128 747 132 .
1003 90 1396 149 η.-----ι(ω“),---..--.

196 227 542 291 scriptionibus
573 227 626 273 in
668 241 822 273 unum
860 222 1077 270 collectis
1118 221 1335 282 primum
1378 224 1585 270 aliorum
1623 226 1682 272 de
1713 242 1767 273 ea
1804 229 2072 275 sententias
2108 243 2189 275 ex-

195 327 434 374 ponerem
466 321 515 357 et
542 309 886 362 examinarem,
923 317 972 353 et
993 303 1186 358 deinde,
1232 305 1366 366 quod.
1394 317 1555 355 tamen
1583 310 1721 356 alteri
1744 311 2018 372 prolusioni
2042 327 2190 357 reser-

196 393 412 441 vandum
446 392 561 446 erit,
608 390 728 455 quid
754 390 878 436 mihi
905 387 999 450 ipsi
1029 387 1087 434 de
1122 386 1237 439 illo,
1288 387 1617 455 quodcunque
1647 391 1840 441 tandem
1873 391 2024 438 fuerit
2046 425 2060 448 ‚
2100 408 2190 439 nu-

196 478 333 525 mine
369 474 681 523 statuendum
716 490 815 520 esse
854 470 1103 525 videatur,
1167 484 1279 516 cum
1318 469 1524 518 eruditis
1563 477 1989 522 communicarem.

369 561 564 603 Praeter
602 555 979 618 inscriptionem
1017 552 1169 617 igitur
1218 553 1727 614 Oppenhemiensem‚
1783 573 1904 622 quae
1942 556 2088 603 hodie
2129 556 2191 603 ad

199 645 389 690 fontem
426 641 585 701 ipsum
630 655 774 684 muro
815 638 963 682 cellae
996 635 1152 689 illius,
1197 633 1285 680 ubi
1327 649 1479 697 aquae
1519 638 1703 686 hauriri
1742 653 1792 686 et
1827 642 1960 687 urcei
1995 640 2192 701 impleri

199 738 345 788 atque
379 722 563 788 signari
600 722 787 772 solent,
843 721 1021 764 inserta
1063 715 1385 776 conspicitur,
1443 733 1545 763 non
1574 722 1670 766 nisi
1706 733 1803 769 tres
1825 724 1943 768 aliae
1974 722 2191 768 eiusdem

199 807 387 872 generis
423 805 546 851 mihi
581 804 814 849 hactenus
845 802 1198 846 innotueruntz
1250 796 1310 843 de
1344 810 1512 859 quarta
1543 803 1705 858 enim,
1760 817 1815 853 ut
1855 822 1974 853 mox
2009 802 2192 853 videbi·

188 908 336 949 mus,
383 888 541 938 adhuc
576 884 799 934 dubitare
834 883 964 930 licet.
1052 884 1265 943 Quarum
1300 877 1458 940 prima
1490 881 1588 945 (ῆς

985 994 1405 1037 APOLLINI

941 1065 1287 1108 GRANNO
1345 1067 1447 1106 ET

1005 1135 1390 1175 SANCTAE

1017 1206 1385 1248 SIRONAE

1030 1279 1357 1319 SAGRVM

200 1397 437 1436 asservata
472 1389 657 1435 Romae
698 1385 749 1433 in
788 1389 964 1433 Sancto
1001 1385 1263 1437 silvestro,
1322 1385 1426 1431 sola
1460 1395 1562 1440 est,
1608 1383 1661 1431 in
1692 1401 1785 1449 qua
1820 1385 2013 1432 nomini
2058 1388 2192 1433 Deae

201 1474 401 1517 Sanctae
430 1470 634 1516 addatur
667 1470 940 1531 epitheton,
975 1470 1107 1515 unde
1133 1480 1294 1515 tamen
1324 1469 1473 1523 nihil,
1512 1485 1610 1531 quo
1640 1470 1778 1514 notio
1807 1469 2023 1514 numinis
2056 1483 2194 1513 accu-

201 1553 353 1597 ratior
381 1551 615 1596 constitui
637 1553 814 1610 possit,
852 1554 1019 1614 colligi
1046 1568 1186 1611 posse
1214 1552 1407 1595 videtur
1443 1550 1529 1609 (³).
1598 1551 1791 1599 Altera,
1838 1566 1958 1609 quae
1987 1553 2193 1600 Brettae‚

200 1631 312 1677 vico
342 1631 704 1678 Transilvaniae
739 1630 797 1676 ad
824 1647 1018 1678 amnem
1050 1632 1329 1698 Sar-getiam,
1375 1632 1428 1679 in
1457 1627 1655 1677 aedibus
1683 1628 2001 1676 dominorum
2032 1630 2195 1674 Ostro-

199 1713 445 1760 hiensium
478 1712 575 1758 fuit
610 1709 713 1775 (⁴),
763 1712 871 1758 talis
914 1709 1011 1760 est:

245 1894 300 1939 (ὲ)
333 1896 405 1942 Ap.
428 1895 615 1930 Gruter.
641 1895 889 1942 p.XXXV11.
915 1908 949 1929 n.
966 1905 1021 1932 ιο.
1075 1895 1254 1932 ceterum
1272 1897 1416 1932 Romae
1442 1895 1520 1931 duo
1537 1892 1675 1941 temple
1699 1894 1737 1931 S.
1761 1892 1942 1929 Silvestri
1962 1904 2042 1927 esse
2059 1893 2190 1933 video.

247 1973 301 2021 (ὅ)
337 1975 465 2022 Quum
488 1972 658 2011 Ovidius
692 1972 956 2019 (Metam.1X.
975 1973 1085 2019 692.)
1125 1973 1310 2010 Bubastin
1331 1973 1510 2009 Sanctam
1534 1972 1708 2016 vocarit,
1752 1970 2104 2018 Jablouskius,
2146 1972 2192 2009 de

315 2035 398 2070 eius
429 2045 607 2083 perpetua
636 2035 855 2085 virginitate
880 2048 1020 2084 agens,
1062 2036 1194 2071 Panth.
1222 2041 1314 2085 Aeg.
1336 2039 1384 2071 Π.
1411 2050 1448 2084 p.
1470 2041 1528 2073 62.
1600 2058 1629 2077 „
1651 2047 1727 2068 non
1748 2033 1849 2077 alia,
1895 2033 2046 2079 inquit,
2080 2047 2192 2079 quam

316 2095 408 2131 haec
426 2094 556 2142 fuisse
578 2096 733 2131 videtur
758 2109 894 2142 causa,
935 2099 1032 2143 quod
1053 2098 1215 2134 Ovidius
1235 2099 1356 2135 Deam
1384 2099 1481 2133 hanc
1501 2105 1664 2133 sanctam
1691 2093 1878 2130 Bubastia
1899 2094 2096 2130 dicendam
2115 2107 2191 2131 esse

314 2159 514 2194 censuerit.
571 2156 685 2204 Apud
701 2157 895 2194 Romanos
914 2162 1013 2194 enim
1039 2169 1163 2194 sancta
1184 2168 1221 2193 et
1236 2159 1350 2208 virgo
1372 2157 1653 2204 aequipollent,
1682 2164 1808 2202 estque
1825 2166 1948 2192 sancta
1968 2158 2191 2204 pudicarum

314 2220 415 2266 apud
439 2233 500 2255 eos
516 2221 773 2266 appellatio.''
823 2221 987 2260 Videtur
1003 2219 1068 2256 vir
1084 2220 1333 2255 doctissimus
1350 2242 1363 2262 ,
1394 2220 1484 2254 dum
1504 2218 1592 2253 haec
1618 2216 1831 2260 scribebat,
1865 2231 1943 2254 non
1966 2220 2191 2257 meminisse

311 2281 614 2328 inscriptionum
643 2279 802 2317 illarum
833 2279 877 2316 in
905 2280 1046 2329 quibus
1072 2280 1202 2317 Sancti
1230 2290 1267 2316 et
1292 2283 1447 2316 Sanctae
1471 2288 1658 2316 vocantur
1677 2277 1752 2314 Dii
1776 2280 1952 2327 Deaeque
1975 2281 2059 2316 sine
2081 2283 2193 2318 omni.

316 2342 494 2378 eastitatis
527 2352 714 2391 respectu·
786 2343 981 2380 Habemus
1011 2345 1184 2380 Sanctam
1218 2343 1403 2379 Venerem
1437 2354 1493 2391 ep.
1524 2341 1678 2378 Reines·
1704 2340 1809 2378 class.
1830 2345 1861 2380 1.
1905 2356 1944 2380 n.
1965 2351 2021 2388 95.
2054 2356 2092 2392 p.
2113 2349 2192 2387 128.

312 2404 490 2438 Amorem
514 2414 683 2439 sanctum
720 2403 823 2440 dixit
855 2404 995 2440 catull.
1031 2406 1174 2443 Lxlv.
1197 2414 1256 2449 95·
1305 2405 1501 2440 Herculem
1528 2404 1717 2440 Phaedrus
1761 2405 1807 2442 V.
1825 2413 1860 2447 4.
1890 2414 1919 2439 Ι.
1955 2414 1991 2438 et
2021 2416 2191 2442 sanctum

314 2464 491 2500 Martem
512 2465 713 2501 observavi
725 2479 845 2514 nuper
859 2466 903 2503 in
924 2467 1181 2517 inscriptione
1191 2467 1477 2506 Lancestriensi
1495 2479 1553 2515 sp.
1572 2467 1604 2501 K
1616 2470 1641 2502 ii
1653 2475 1726 2501 ttn
1738 2477 1757 2500 e
1769 2477 1872 2501 rum
1884 2487 1897 2506 ,
1922 2464 2062 2501 Reisen
2074 2466 2191 2504 durch

349 2525 494 2573 agland
522 2527 631 2562 T.11.
653 2526 766 2575 Lips.
796 2533 895 2572 1803.
931 2540 972 2576 p.
992 2538 1072 2574 ¹4¹·

245 2525 442 2671 (νῖὶριιᾶ
462 2605 660 2642 Gruter.
703 2606 946 2653 p.xxxv11.
984 2621 1024 2646 n.
1040 2619 1096 2647 11·
1135 2612 1198 2649 De
1221 2612 1352 2649 Bretta
1372 2607 1475 2648 mihi
1494 2620 1574 2649 nt·
1598 2616 1755 2644 commt-
1806 2607 1986 2658 Sugeffl»
2015 2607 2059 2644 51¹
2078 2608 2189 2646 ⁰⁰5ss
