2413 3022
1000 109 1391 156 ”····<ΟΦ)·······
2124 117 2183 164 15

208 237 446 301 quidem,
500 235 584 283 sed
626 235 752 284 nihil
788 249 1008 299 prorsus,
1064 232 1194 297 quod
1236 234 1490 282 Sirenae
1533 237 1693 283 Deae
1732 236 1892 282 lucem
1935 233 2188 283 affundere

212 329 370 382 queat.

367 403 440 445 Ex
477 400 549 446 his
584 400 758 464 igitur,
815 415 937 462 quae
971 400 1203 447 hactenus
1236 400 1461 462 exposui,
1518 400 1629 447 satis
1661 399 1978 463 intelligitur,
2031 402 2189 445 Deam

205 479 476 527 Sironam
518 498 632 527 curn
667 480 837 527 Iside
876 482 1100 528 Saitica
1138 481 1245 528 iure
1280 497 1368 529 suo
1401 482 1558 529 adhuc
1590 483 1749 530 dicere
1783 499 1948 547 posse:
1983 479 2060 531 τὸν
2086 480 2188 542 ἐμὼ

206 560 392 613 *πέπλον
424 560 563 619 οὐδείς
601 581 678 612 πω
714 559 1014 628 &vendanda
1092 566 1235 628 Quod
1268 583 1328 611 an
1364 567 1485 612 mihi
1518 567 1710 611 licuerit
1730 599 1741 620 ,
1792 582 1882 612 nec
1911 566 2023 612 satis
2051 565 2185 619 scio,

205 638 319 697 ne‘c,
352 647 392 691 si
419 646 592 700 sciam,
628 647 774 693 hodie
799 647 961 693 dicere
987 646 1166 693 ausim:
1211 647 1361 693 altera
1390 658 1549 693 tamen
1579 648 2027 702 dissertatiuncula,
2063 663 2188 711 quae

205 718 436 782 sentiam,
485 745 770 790 expromere
795 731 985 777 animus
1014 739 1113 776 est:
1169 746 1303 777 nunc
1330 729 1595 777 dicendum
1620 730 1740 783 erit,
1789 730 1908 793 quid
1933 731 2053 778 huic
2076 746 2191 792 pro·

201 807 383 853 lusioni
418 825 551 856 meae
592 827 728 858 more
768 812 1011 859 maiorum
1050 812 1222 858 ceteris
1253 811 1649 875 praemittendae,
1696 827 1759 858 ne
1783 812 1966 858 scilicet
1995 812 2189 873 potiora

198 887 327 952 ‘quae
370 891 570 938 dicenda
607 905 821 949 restant,
874 892 1064 939 turbata
1109 894 1272 942 volent
1315 895 1498 955 rapidis
1535 893 1741 939 ludibria
1781 894 1963 949 ventis,
2019 894 2190 939 locum

211 971 415 1022 dederit.

370 1372 564 1432 Nempe
594 1367 851 1417 indicenda
881 1379 996 1417 sunt
1022 1372 1270 1419 semestria
1298 1370 1547 1433 Gymnasii
1582 1369 1762 1424 nostri,
1815 1369 1894 1418 cui
1932 1372 1993 1417 D.
2028 1371 2083 1421 Ο.
2114 1371 2187 1417 Μ.

202 1452 255 1498 in
289 1437 579 1514 perpetuum
614 1452 800 1502 faveat,
853 1452 1087 1498 solennia.
1201 1455 1424 1498 Crastino
1466 1455 1599 1499 enim
1639 1455 1749 1506 die,
1800 1452 2086 1514 duobusque
2118 1468 2191 1497 se-

205 1533 510 1597 quentibus„
531 1519 671 1595 pueri
699 1544 749 1580 et
775 1534 1126 1590 adolescentes,
1170 1552 1327 1583 curae1
1349 1536 1733 1596 disciplinaeque
1766 1546 1962 1581 nostrae
1991 1533 2183 1587 traditi,

205 1626 443 1679 quantum
492 1630 579 1677 per
625 1613 768 1660 huius
818 1614 986 1660 aestivi
1027 1617 1260 1678 temporis
1300 1616 1541 1680 angustias
1581 1615 1911 1677 profecerint,
1965 1617 2189 1663 examine

203 1697 405 1761 publico
439 1695 711 1743 ostendent.
810 1698 865 1742 In
902 1713 999 1760 quo
1031 1697 1187 1760 prima
1216 1698 1323 1744 vice
1360 1712 1491 1744 novo
1524 1714 1727 1743 munere
1757 1697 2015 1762 fungentes
2054 1697 2187 1744 vide-

205 1779 366 1825 bimus
394 1778 678 1823 duumviros
710 1779 1008 1825 clarissimos
1035 1791 1084 1825 et
1109 1780 1441 1832 Docfissimos,
1490 1795 1621 1825 nunc
1650 1781 1857 1844 collegas
1889 1781 2189 1827 coniunctis-

204 1862 377 1913 simos3
425 1860 635 1905 alterum
690 1862 1466 1908 GEORGIUM'MICHAELEM
1499 1863 1706 1913 ROTH,
1768 1865 1861 1908 ΡΒ.
1892 1873 1942 1908 et
1977 1866 2014 1908 Ι.
2040 1866 2095 1909 V.
2123 1866 2187 1909 D.

204 1939 640 1990 Bibliothecae
680 1941 866 1988 huius
910 1943 1210 1990 Civitatis
1258 1941 1556 2005 publicae
1597 1942 2019 1998 Praefectum,
2077 1954 2190 2006 post

204 2023 594 2072 desideratissimi
639 2024 909 2072 Moschii
959 2025 1146 2073 abitum
1172 2059 1189 2079 ,
1250 2026 1300 2072 in
1355 2024 1491 2071 cuius
1540 2024 1707 2072 locum
1759 2026 1826 2070 Cl.
1875 2025 2190 2073 GroteFen·

157 2094 162 2102 ⁸
203 2107 340 2153 dius
374 2116 544 2151 noster
576 2106 830 2163 successit,
880 2108 1130 2169 Gymnasii
1173 2107 1590 2154 Professor-em
1633 2116 1681 2153 et
1726 2108 2187 2162 Prorectorern3

204 2191 409 2235 alterum
454 2190 814 2235 ANTONIUM
847 2192 1210 2243 KIRCHNER,
1275 2192 1368 2236 ΡΗ.
1402 2192 1465 2234 D.
1520 2193 1656 2235 Ven.
1692 2188 2042 2234 Ministerii
2082 2190 2189 2236 Ad-

203 2270 483 2315 iunctum
519 2278 578 2314 et
612 2268 940 2329 publicum
979 2273 1534 2323 concionatorem,
1592 2271 1916 2331 Gymnasii
1948 2274 2188 2320 Protes-

204 2366 429 2401 sorem,
469 2350 548 2395 cui
583 2353 837 2397 SzNA‘rus
869 2357 1241 2401 Amrmssmus
1280 2371 1386 2401 eam
1421 2353 1720 2415 provinciam
1747 2351 1947 2405 tribuit,
1992 2365 2048 2399 ut
2076 2355 2188 2401 reli-

203 2431 680 2498 gionisethicesque
722 2432 1018 2481 Christianae
1058 2448 1338 2499 praecepta,
1394 2435 1718 2497 historiaeque
1751 2434 2097 2483 ecclesiasticae
2138 2447 2188 2484 et

202 2517 400 2584 linguae
438 2514 687 2564 hebraicae
711 2514 851 2562 initia
882 2518 1134 2578 Gymnasii
1165 2518 1413 2583 discipulis
1444 2516 1672 2564 traderet·
1743 2520 1962 2579 Uterque
1989 2516 2183 2581 potiora

201 2612 332 2648 actae
363 2601 493 2648 vitae
517 2609 765 2646 momenta
798 2600 864 2647 ita
898 2601 1001 2664 ipse
1038 2604 1291 2666 exposuit:
1344 2613 1394 2650 et
1431 2605 1685 2649 Rormus
1734 2598 1961 2664 quidem:
