2413 3022
181 113 216 164 a
983 103 1379 153 --·(«ὰ--

182 231 538 281 eruditioribus
573 231 694 279 olim
731 240 835 278 erat
871 227 1156 294 cognitum,
1185 230 1189 234 '
1218 229 1345 283 hanc
1374 232 1489 277 cum
1522 231 1753 293 Apolline
1792 229 2173 292 conjunxissent,

183 314 356 363 Sirona
393 315 542 380 vulgo
572 313 814 376 Apollinis
854 327 1017 364 soror,
1067 311 1170 358 sive
1197 314 1367 366 Luna,
1415 312 1516 361 sive
1550 315 1731 369 Diana,
1781 312 1929 360 fuisse
1962 311 2178 361 credere·

184 408 281 444 tur.
392 401 457 443 Et
486 397 671 457 primus
702 394 902 458 quidem
946 393 1056 455 qui,
1114 405 1354 454 quantum
1387 394 1518 448 scio,
1586 397 1678 442 hoc
1712 393 2067 457 interpretandi
2100 411 2178 459 ge-

182 495 275 527 nus
295 489 487 526 secutus
510 488 605 533 est,
653 488 703 524 et
731 474 987 523 doctrinae
1011 472 1171 536 aliqua
1201 474 1361 536 specie
1383 477 1676 525 sententiam
1707 494 1871 531 suam,
1926 475 2006 524 cui
2033 476 2178 539 pleri-

182 577 277 624 que
306 560 485 607 deinde
515 559 770 624 suffragati
796 568 924 611 sunt,
962 555 1344 611 commendavit,
1390 557 1851 607 fuit'Burcardus
1881 558 2183 605 Gotthelf

181 644 446 689 Srnuvms
480 638 627 704 (¹²),
684 642 770 704 qui
809 639 922 685 satis
959 637 1200 694 fidenter,
1257 650 1308 686 et
1351 639 1489 702 quasi
1534 657 1595 688 ex
1642 641 1866 706 tripode,
1929 625 2178 697 „Sironit

181 726 327 779 Dea,
376 724 564 786 inquit,
619 724 754 769 nulla
791 723 883 767 alia
923 732 995 767 est
1029 710 1175 784 qnam
1218 718 1412 787 Α’ρτεμις
1456 739 1541 770 seu
1589 726 1748 772 Diana
1775 759 1789 777 ,
1858 741 1981 787 quae
2018 727 2180 783 'Hesy-

182 805 295 851 chio
333 808 532 852 Saronia
573 808 678 849 Dea
715 820 741 849 a
774 803 888 849 sinu
916 802 1146 849 Saronico
1180 802 1389 856 dicitur3
1441 804 1575 851 sinus
1607 818 1770 853 autem
1806 807 1886 853 hic
1916 805 2177 869 Megaridis
2207 829 2211 836 ·

183 890 482 936 Graecorum
514 886 727 951 regionis
762 901 871 948 pars
909 884 1058 934 erat.'’
1125 888 1197 932 Ita
1226 884 1539 933 Struvius:
1583 887 1666 934 sed
1697 887 1947 935 videamus
1976 886 2175 951 singula.

348 968 571 1013 Primum
600 966 841 1013 Sironia
872 966 1008 1011 nulla
1034 975 1119 1020 est,
1159 965 1292 1028 quod
1321 970 1465 1028 supra
1492 969 1808 1025 ostendimus,
1845 970 1927 1016 sed
1947 970 2180 1021 Sirona,'

181 1051 276 1098 etsi
306 1052 400 1096 hoc
427 1050 785 1098 leviusculum:
834 1048 1013 1094 deinde
1044 1063 1215 1093 verum
1239 1064 1340 1095 non
1368 1062 1453 1104 est,
1488 1055 1856 1113 Hesychium
1875 1054 2178 1101 Artemidem

180 1148 357 1179 vocare
389 1133 729 1187 Saroniam,
780 1149 897 1179 nam
933 1133 973 1178 is
1016 1148 1078 1177 ex
1128 1133 1353 1180 Achaei
1401 1133 1654 1195 deperdito
1689 1137 1899 1198 quodam
1937 1136 2177 1190 dramate,

189 1211 384 1270 Theseo,
443 1214 752 1280 cognominis
789 1213 923 1263 illius
965 1215 1273 1265 mentionem
1313 1216 1464 1271 facit,
1521 1217 1655 1282 quod
1690 1218 1929 1281 acceperit
1964 1218 2212 1266 Artemis.

183 1314 209 1345 a
245 1299 357 1345 sinu
390 1300 623 1345 Saronico
660 1298 715 1344 in
749 1298 1145 1345 Troezeniorum
1185 1299 1387 1364 regione
1419 1296 1539 1360 (¹¹).
1616 1304 1671 1346 In
1704 1302 1985 1347 universum
2013 1309 2184 1347 tenen-

184 1380 303 1427 dum
333 1393 430 1435 est,
486 1382 716 1428 Saroniae
748 1390 1053 1445 cognomen,
1100 1393 1156 1428 ut
1181 1382 1390 1432 Junonis
1418 1384 1650 1446 Argivae,
1704 1385 1957 1440 Laciniae,
2004 1396 2053 1430 et
2086 1371 2180 1430 alia

184 1463 467 1510 huiusmodi
491 1465 767 1516 innumera,
803 1464 863 1509 ad
886 1466 1047 1511 solum
1076 1466 1256 1519 locum,
1292 1465 1379 1512 ubi
1405 1466 1645 1512 Artemidi
1669 1469 1909 1528 templum
1933 1483 2180 1514 consecra·

184 1554 293 1590 tum
319 1543 427 1599 fuit,
454 1555 685 1605 spectare,
731 1544 790 1590 de
811 1545 949 1590 cuius
972 1546 1277 1609 cognominis
1298 1546 1491 1609 origine
1518 1546 1649 1591 varia
1676 1547 1967 1610 excogitavit
1986 1550 2180 1594 Grama-

185 1627 403 1674 ticorum
424 1642 512 1674 seu
529 1641 735 1673 acumen
757 1641 843 1672 seu
865 1626 1062 1687 ineptia.
1133 1626 1368 1690 Legimus
1392 1625 1519 1688 apud
1545 1629 1827 1674 Pausaniam
1861 1625 1981 1690 (¹⁴),
2018 1632 2181 1675 Sa'ro·

186 1725 337 1762 nem,
374 1708 769 1771 antiquissimum
798 1708 1194 1756 Troezeniorum
1220 1724 1397 1771 regem,
1434 1708 1485 1754 in
1516 1709 1622 1771 ipso
1653 1711 1795 1757 maris
1824 1712 1970 1759 litore
1990 1713 2179 1761 Dinnae

185 1792 431 1854 templum
466 1792 736 1838 struxisse:
797 1793 931 1839 huno
962 1802 1153 1854 postea,
1206 1808 1359 1854 quum
1402 1806 1602 1837 cervum
1643 1804 1923 1854 persecutus
1963 1795 2016 1842 in
2055 1796 2179 1842 mari

186 1873 418 1936 perierit,
465 1874 713 1935 sepultum
745 1872 895 1920 fuisse
928 1873 988 1919 ad
1022 1872 1324 1921 Phoebaeam
1356 1873 1609 1936 paludem,
1663 1890 1787 1937 quae
1822 1886 1872 1920 et
1893 1876 2007 1937 ‚ipsa
2042 1879 2180 1922 Saro-

187 1954 318 2001 nidis
340 1961 545 2002 *nomen
588 1954 648 2001 ab
679 1971 739 2002 eo
774 1958 1040 2019 acceperit,
1099 1957 1165 2004 in·
1195 1957 1370 2019 templi
1417 1956 1551 2003 illius
1589 1972 1615 2001 a
1652 1971 1702 2001 se
1744 1955 1931 2001 conditi
1974 1956 2177 2002 ambitu·

187 2040 314 2086 Mox
335 2071 348 2095 ,
416 2036 606 2101 paludis
638 2038 886 2087 Saronidis
926 2051 976 2088 et
1021 2040 1198 2104 templi
1230 2038 1495 2089 Artemidis
1534 2033 1781 2086 sax-onidis
1821 2038 1998 2086 iterum
2044 2057 2181 2087 men·

235 2185 307 2233 (1²)
328 2188 377 2225 B.
396 2186 442 2224 G,
464 2188 488 2223 S
501 2185 664 2223 truvii
685 2186 970 2236 Antiquitatum
988 2189 1249 2225 Romanarum
1270 2188 1498 2236 syntagma.
1534 2184 1620 2223 Jou-
1640 2192 1742 2229 ¹70¹·
1767 2192 1804 2229 4.
1829 2198 1870 2234 p·
1886 2194 1946 2231 92.
1981 2175 2083 2222 nude
2110 2185 2181 2224 alii

306 2248 464 2292 deinde,
503 2258 546 2284 ut
576 2250 615 2284 H
625 2261 644 2283 e
655 2249 680 2284 d
692 2249 765 2284 eri
777 2260 797 2283 c
807 2249 857 2284 hi
868 2262 893 2284 u
904 2261 921 2284 ι
962 2250 1006 2284 in
1032 2247 1183 2285 Lexico
1200 2246 1470 2297 „mythologice
1487 2271 1501 2291 ‚
1547 2255 1585 2281 et
1608 2247 1864 2283 recentissime
1884 2249 1923 2284 Ῥ
1933 2261 1958 2284 u
1968 2248 2086 2285 nkiu
2096 2261 2114 2286 ι
2136 2251 2180 2286 iu

304 2308 456 2346 Lexico
476 2310 571 2346 reali
598 2320 634 2345 et
661 2309 919 2355 scholastico.
962 2324 1028 2347 sua
1055 2310 1230 2347 hausi-se
1252 2309 1449 2348 videntur.

216 2390 223 2393 ’
236 2392 313 2446 (1³)
335 2385 501 2441 Σικανία,
515 2381 689 2440 Ἄμαρις.
718 2384 881 2443 Ἀχιισζ
898 2391 1018 2432 Θησεῖ,
1049 2386 1123 2429 ἐπὶ
1137 2391 1201 2431 πῖ
1218 2389 1252 2431 ι’,
1268 2390 1419 2444 Τςοιζῖη
1436 2390 1622 2444 zaga-au?
1637 2385 1784 2430 κε’λπον.
1834 2395 1896 2430 De
1905 2393 2072 2435 Achaeo,
2097 2393 2179 2431 sive

307 2456 441 2507 potius
457 2456 504 2492 de
520 2456 681 2494 Achaeis
700 2458 853 2497 duobus
869 2461 1045 2499 tributve
1057 2486 1069 2507 ,
1093 2462 1284 2500 videndun
1304 2460 1500 2499 Fabricius
1526 2457 1634 2498 Bibl.
1654 2449 1785 2495 G'mo.
1801 2455 1897 2493 Lib.
1909 2457 1957 2492 11.
1978 2466 2060 2504 cap.
2073 2450 2180 2493 xlx.-

281 2568 287 2576 .
308 2531 349 2558 et
371 2532 468 2570 qnae
491 2518 553 2557 ibi
572 2520 770 2558 adnotavit
793 2522 992 2560 nale-iu·
1022 2524 1177 2566 v01.11,
1204 2536 1291 2576 1³⁸3·
1307 2532 1393 2570 279.
1410 2530 1489 2567 280.
1515 2522 1577 2561 ed.
1595 2519 1842 2562 novissimae.

240 2600 312 2648 (¹⁴)
334 2602 488 2640 Pausan.
517 2603 568 2640 11.
595 2615 630 2640 c.
648 2610 709 2648 30.
742 2615 829 2654 pag.
850 2608 931 2647 182.
971 2603 1123 2641 Kuhn.
