2413 3022
993 123 1389 172 .--‹00>—--
2155 140 2185 190 7

829 247 1042 289 DEAE
1090 247 1527 290 DEIRONAE

980 333 1240 375 MAIOR
1285 336 1394 376 MA

518 429 528 450 ἲ
909 423 1142 465 GIATI
1190 425 1449 467 FILIVS

1044 509 1361 554 v.S.L.M.

353 632 600 679 Habemus
625 632 772 696 igitur
793 630 873 677 hic
894 630 1124 677 Deiron
1140 646 1227 676 am
1249 633 1420 685 Deam,
1459 648 1603 694 quam
1629 632 1856 694 equidem
1884 648 1986 679 non
2010 634 2177 680 statim

189 713 392 760 eandem
425 731 537 760 cum
575 715 742 760 Sirone
779 730 878 761 esse
905 712 1206 775 putaverim,
1252 713 1342 759 etsi
1375 724 1486 759 ante
1510 716 1598 761 hos
1624 716 1822 778 triginta
1849 731 2000 762 armos
2026 716 2179 764 Ober-

187 797 413 842 linihanc
429 797 574 843 fuisse
588 797 733 843 video
746 796 1055 842 sententiam·
1102 793 1332 857 Quamvis
1358 795 1493 841 enim
1515 796 1644 858 apud
1670 800 1874 843 Graecos
1898 797 2057 845 literas
2083 802 2176 845 Set

188 880 238 924 D
266 879 316 925 in
343 878 634 941 quibusdam
662 877 865 926 vocibus
886 877 1161 939 promiscue
1188 877 1409 939 usurpari
1438 894 1526 924 seu
1554 878 1821 940 permutari
1851 878 2179 927 certissimum

185 960 262 1013 sit,
308 964 471 1008 nescio
502 974 662 1008 tamen
687 978 771 1017 an,
812 960 943 1023 quod
968 959 1096 1020 apud
1117 962 1321 1005 Graecos
1351 961 1455 1006 sine
1477 960 1628 1007 dubio
1657 960 1907 1007 interdum
1941 960 2175 1018 obtinuit,

185 1043 333 1090 etiam
355 1044 414 1091 ad
437 1045 660 1091 Sironam
684 1055 897 1090 nostram
917 1045 1162 1106 pertinere
1185 1043 1351 1105 possit,
1387 1045 1523 1091 cuins
1543 1059 1723 1089 nomen
1746 1054 1913 1089 utrum
1935 1045 2174 1091 Graecum

183 1127 246 1172 sit
276 1144 366 1172 nec
403 1144 500 1178 ne,
562 1127 719 1172 adhuc
758 1114 1135 1172 examinandum
1174 1136 1333 1172 restat.
1440 1130 1544 1189 Ego
1585 1125 1799 1189 ingenue
1828 1125 2007 1180 fateor,
2066 1143 2173 1177 me,

184 1209 225 1256 si
262 1210 312 1256 in
354 1209 427 1256 his
470 1209 700 1256 hariolari
745 1209 956 1263 vellem,
1034 1209 1198 1270 potius
1235 1225 1294 1256 eo
1334 1209 1720 1262 inclinaturum,
1778 1220 1835 1255 ut
1875 1210 2177 1258 Dironam

183 1309 514 1357 compararem
551 1309 664 1340 cum
698 1291 942 1338 Divona
977 1291 1182 1338 Ausonii
1216 1289 1349 1352 (¹⁰);
1408 1292 1548 1338 litera
1580 1292 1714 1338 enim
1755 1296 1818 1346 E,
1883 1292 1984 1338 sive
2015 1294 2179 1355 potius

182 1376 367 1422 lineola
409 1388 700 1429 transversa,
767 1373 1028 1419 characteri
1061 1376 1109 1418 D
1146 1374 1353 1426 inclusa,
1409 1389 1523 1420 casu
1559 1374 1771 1436 quodam
1809 1375 2056 1437 irrepsisse
2100 1375 2174 1420 vi-

184 1459 288 1506 deri
319 1471 499 1522 potest,
564 1470 613 1505 et
641 1458 682 1504 si
708 1460 750 1503 R
778 1455 1009 1502 facillima
1048 1454 1324 1514 conjectura
1361 1454 1412 1500 in
1453 1458 1491 1500 B
1528 1458 1828 1509 mutaveris,
1895 1460 2174 1504 Diuorum

181 1541 379 1589 habebis
420 1543 559 1588 nullo
603 1540 704 1586 fere
742 1537 961 1604 negotio.
1057 1539 1159 1583 Iam
1204 1540 1243 1582 B
1269 1547 1320 1582 et
1364 1538 1406 1581 V
1444 1547 1542 1583 tam
1580 1553 1721 1600 saepe
1754 1543 2025 1601 permutari
2065 1541 2174 1606 quis

182 1625 367 1678 nescit,
417 1635 473 1670 ut
506 1623 608 1669 fere
641 1636 731 1685 pro
762 1626 859 1666 una
888 1616 1160 1679 eademque
1190 1617 1331 1663 litera
1358 1616 1527 1664 haberi
1561 1619 1792 1681 possint?

230 1757 235 1763 s
348 1707 441 1754 Sed
482 1706 668 1752 Dirona
705 1704 864 1750 valere
905 1701 1029 1760 jussa
1059 1701 1311 1747 redeamus
1344 1701 1404 1748 ad
1444 1702 1694 1757 Sironam,
1758 1703 1819 1749 de
1857 1720 1950 1767 qua
1989 1706 2042 1752 in
2085 1706 2171 1764 iis,

185 1806 306 1854 quae
351 1789 412 1835 de
459 1787 670 1834 obscuris
717 1788 938 1830 Deorum
979 1781 1262 1828 nominibus
1303 1782 1613 1844 disputarunt
1648 1785 1858 1846 Spo'nius
1897 1798 1947 1832 et
1986 1788 2174 1836 Bimar.

185 1874 274 1919 dus
295 1870 424 1932 (¹¹),
470 1871 643 1927 frustra
675 1866 1242 1930 quidquamquaesieris.
1324 1869 1528 1912 Factum
1558 1878 1629 1913 est
1659 1878 1848 1922 autem,
1892 1879 1972 1924 ut,
1996 1886 2173 1931 -quum

181 1955 521 2018 inscriptiones
568 1953 681 2000 illae
726 1949 856 2014 apud
892 1951 1182 2002 Gruterum,
1239 1965 1300 1995 ex
1340 1947 1515 2012 quibus
1562 1949 1680 1996 solis
1732 1962 1918 1997 nomen
1971 1950 2174 2001 Sirenae

225 2103 295 2147 (³⁰)
320 2102 367 2137 In
376 2102 493 2137 claris
503 2101 656 2137 urbibus
672 2101 913 2144 XIV.31.32.
940 2098 1102 2144 „Salve‚
1127 2098 1231 2134 urbis
1251 2096 1521 2148 (Burdigalae)
1539 2101 1691 2147 genius,
1715 2096 1855 2133 medico
1872 2096 2056 2143 potabilis
2076 2096 2172 2133 Imu-

293 2171 379 2206 stu,
417 2163 612 2199 Divona
647 2162 838 2199 Celtarum
856 2161 1013 2210 lingua,
1055 2161 1154 2212 fons
1177 2161 1306 2197 addite
1325 2160 1477 2198 Divis.'’
1546 2162 1606 2196 De
1636 2172 1712 2209 quo
1744 2157 1833 2194 loco
1865 2158 1917 2194 ita
1943 2158 2170 2204 Bouche,

296 2225 580 2271 chorographio
610 2226 653 2259 de
679 2225 873 2260 provence
904 2237 943 2271 p.
970 2235 1029 2269 91.
1110 2225 1371 2269 „Diuuona
1408 2237 1456 2258 en
1487 2223 1624 2272 langue
1664 2223 1829 2270 celtique
1875 2222 2066 2271 signifioit
2105 2237 2170 2258 an-

290 2287 530 2324 ciennement
554 2286 726 2323 fontaine
757 2286 821 2322 des
845 2286 981 2323 Dieux
1004 2306 1163 2324 .....
1226 2288 1275 2322 Et
1310 2284 1557 2337 aujourdhuy
1595 2295 1730 2320 encore
1753 2294 1890 2333 parmy
1922 2282 1979 2320 les
1995 2278 2169 2322 Bretons

291 2350 431 2385 Diua
470 2349 629 2398 signifie
656 2350 785 2391 Βίου,
821 2359 857 2383 et
885 2351 1067 2387 Vonam
1097 2354 1172 2383 une
1197 2349 1411 2384 fontaine-'¹'

222 2411 294 2480 (Π)
322 2436 345 2472 J
356 2447 416 2470 nc.
437 2438 531 2483 Spo
544 2436 618 2470 nii
644 2435 867 2486 ignotorum
889 2446 1000 2482 atquo
1021 2433 1269 2469 obscurorum
1296 2434 1533 2484 quorundam
1554 2434 1730 2469 Deorum
1749 2435 1847 2470 Arae
1868 2436 1969 2471 notis
1997 2434 2168 2471 illustra-

295 2505 351 2533 tae
369 2521 382 2541 ,
423 2498 468 2536 in
497 2499 671 2536 Gronov.
698 2496 813 2535 Thes.
840 2498 946 2536 Antt.
972 2498 1129 2539 Graece.
1162 2498 1252 2539 Vol.
1284 2500 1369 2540 vn.
1400 2515 1446 2527 —
1502 2497 1563 2534 De
1594 2495 1685 2534 Diis
1723 2495 1954 2548 quibusdam
1995 2497 2139 2549 ignotis
2150 2520 2165 2540 ‚

291 2561 525 2606 praesertim·
537 2556 713 2605 Gallicis,
739 2559 901 2595 diatriba
919 2561 938 2598 J
954 2571 977 2594 ο
987 2571 1004 2594 ⁸
1015 2571 1066 2607 ep
1077 2560 1129 2595 hi
1160 2560 1185 2594 d
1198 2573 1218 2595 e
1236 2563 1268 2596 B
1280 2562 1341 2595 im
1353 2573 1399 2594 ar
1409 2560 1433 2593 d
1458 2558 1503 2593 la
1527 2561 1560 2593 B
1573 2571 1592 2592 a
1606 2571 1622 2594 s
1634 2560 1674 2593 ti
1684 2572 1704 2593 e
1719 2583 1731 2602 ‚
1756 2561 1799 2594 in
1825 2560 2034 2596 Muratorii
2055 2560 2163 2596 Nor.

291 2620 411 2659 Thes.
441 2626 546 2664 Vett.
571 2625 769 2672 Inscriptt.
790 2621 954 2660 Mediol.
975 2634 1077 2669 ¹739·
1100 2636 1183 2672 sqq.
1202 2625 1271 2662 fol.
1306 2626 1419 2662 Tem.
1441 2626 1474 2663 Ι.
1499 2636 1540 2672 p·
1558 2631 1618 2670 49.
1645 2636 1727 2672 sqq.
