2413 3022
982 95 1455 152 -—-,‹00›---,
2136 86 2172 166 g,

189 224 329 274 tione
363 226 489 271 facta
523 222 666 286 (¹5),
729 232 893 271 narrat
935 220 1194 284 quotannis
1232 219 1448 275 festum,
1505 221 1751 268 Saronia
1795 221 2000 278 dictum,
2046 220 2170 272 cele-

187 306 382 352 bratum
401 307 561 354 fuisse.
633 311 691 353 In
711 308 785 352 his
803 302 1032 350 omnibus
1049 302 1279 349 historica
1302 319 1450 348 nemo
1471 302 1573 350 fere
1591 304 1894 366 quaesiverit.
1964 310 2171 372 Geogra-

186 389 446 451 phicorum
482 389 831 437 vocabulorum
864 387 1105 450 origines,
1149 397 1205 431 ut
1231 384 1338 432 fieri
1363 387 1514 442 solet,
1564 398 1858 449 repetuntur
1887 404 1913 434 a
1941 387 2183 453 fictorum·

186 486 353 535 regum
385 469 699 517 nominibus:
752 465 995 514 habebant
1021 467 1249 529 paludem
1277 467 1588 534 Saronidem,
1631 470 1874 531 ternplum
1907 471 2171 518 Artemidis

186 555 447 608 Saronfflis,
486 553 652 597 sinum
684 548 999 601 Saronicum3
1050 564 1173 610 quae
1203 550 1404 595 nomina
1434 562 1491 596 ut
1517 552 1837 613 explicarent,
1873 554 2169 617 excogitasse

183 635 416 685 videntur
465 637 698 679 Saronem
751 632 897 677 illum
951 628 1229 688 mythicum
1275 646 1455 694 regem.
1570 637 1730 695 Atque
1772 634 1976 682 eandem
2023 637 2171 682 ratio·

184 703 299 776 nem
329 717 383 761 in
422 725 523 760 tota
555 731 722 779 regum
760 711 1151 760 Troezeniotum
1194 712 1347 767 serie,
1410 730 1558 775 quam
1590 713 1730 760 nobis
1764 716 1962 763 exhibet
1995 720 2168 769 Pausa-

183 798 316 851 nias,
362 794 615 842 observare
639 796 764 841 licet.
834 793 1215 856 Antiquissimus
1245 794 1378 840 enim
1411 795 1557 841 fuisse
1588 795 1769 842 dicitur
1801 800 1976 853 Orus,
2031 800 2166 848 unde

185 893 368 924 nomen
399 877 612 943 regionis
639 880 854 932 Oraea;
904 877 1037 923 hunc
1072 877 1266 940 excepit
1294 878 1619 940 Althepus,
1665 879 1751 925 Ori
1783 894 1846 925 ex
1879 877 1979 926 filia
2011 881 2167 929 Leide

183 975 351 1019 nepos,
386 975 414 1003 a
444 975 542 1019 quo
564 975 728 1004 rursus
753 960 889 1023 regio
910 946 1054 1004 Alt'h
1065 960 1197 1020 epia
1219 961 1469 1004 nominata
1489 961 1661 1004 fertur.
1722 962 1960 1006 Successit
1981 965 2167 1009 Saron

134 1079 138 1088 ,
180 1041 267 1091 ille
308 1039 369 1088 de
406 1057 505 1104 quo
543 1039 791 1088 diximus:
845 1052 1101 1103 sequentes
1133 1042 1266 1104 reges
1292 1039 1579 1105 ignorantur
1619 1058 1774 1103 usque
1806 1041 1867 1088 ad
1903 1045 1991 1104 Hy
2006 1060 2167 1106 pere·

183 1134 301 1172 tem
334 1135 385 1171 et
413 1123 701 1178 Antham,
741 1123 964 1186 Neptuni
993 1135 1044 1171 et
1067 1124 1343 1185 Halcyones
1366 1121 1507 1177 filios,
1550 1123 1758 1171 Atlantis
1780 1135 1995 1187 nepotes,
2034 1126 2164 1178 unde

182 1206 327 1255 urbes
358 1209 645 1268 Hyperea
675 1216 725 1252 et
758 1206 1018 1252 Anthea.
1105 1205 1260 1253 Filius
1284 1191 1462 1251 deinde
1494 1207 1709 1260 Anthae,
1754 1207 1951 1259 Aetius,
1996 1220 2167 1273 regnat

181 1306 296 1336 cum
323 1294 633 1335 Troezene
661 1300 711 1334 et
729 1289 952 1336 Pittheo:
999 1291 1232 1344 Pittheus,
1264 1293 1516 1336 Troezene
1540 1300 1759 1342 mortuo,
1795 1289 1971 1336 incolis
1998 1295 2166 1352 Hype-

182 1387 289 1418 reae
312 1382 361 1418 et
382 1371 598 1417 Antheae
619 1370 673 1417 in
704 1387 860 1418 unum
883 1356 1196 1438 congregatis,
1234 1374 1480 1420 civitatem
1509 1372 1576 1418 ita
1602 1370 1917 1418 constitutam
1941 1373 2164 1439 nominat

184 1454 646 1500 Troezenem.—
687 1454 808 1499 Sunt
828 1464 877 1499 et
896 1453 1018 1502 aliae
1040 1454 1257 1502 nominis
1275 1454 1415 1501 sinus
1434 1453 1650 1500 Saronici
1673 1453 2015 1517 etymologiae,
2045 1472 2161 1518 quas

182 1534 364 1581 discere
391 1534 504 1579 licet
529 1549 590 1580 ex
614 1536 866 1580 Eustathio
900 1532 1036 1597 (¹¹⁶);
1084 1537 1217 1582 nulla
1250 1546 1412 1581 tamen
1443 1534 1741 1579 luculentior
1762 1544 1811 1580 et
1842 1536 2003 1581 verior
2038 1538 2162 1584 mihi

178 1614 519 1662 essevvidetur
554 1614 664 1668 illa,
721 1629 867 1675 quam
907 1626 1147 1661 memorat
1181 1615 1365 1661 Plinius
1395 1611 1523 1674 (¹⁷):
1575 1616 1736 1668 „sinus
1766 1618 2017 1676 Saronicus
2045 1621 2163 1667 olim

180 1711 360 1759 querno
395 1710 581 1743 nemore
610 1695 874 1753 redimitus,
923 1698 1047 1744 unde
1077 1714 1247 1745 nomen
1256 1715 1278 1750 ,-
1331 1700 1397 1744 ita
1430 1699 1629 1744 Graecia
1658 1699 1856 1759 antiqua
1891 1702 2163 1762 appellante

177 1777 452 1842 quercum?

348 1859 443 1907 Sed
474 1875 789 1922 quaecunque
821 1859 1020 1906 tandem
1051 1876 1193 1907 causa
1227 1859 1403 1915 Fuerit,
1466 1876 1553 1906 cur
1577 1860 1736 1907 Diana
1767 1859 1990 1929 Σαρωὶνία,
2053 1869 2157 1917 sive

180 1942 346 2005 potius
370 1940 582 2007 Σαρωνὶς,
618 1943 960 2004 appellaretur,
1009 1943 1193 1991 Struvii
1213 1944 1504 1990 sententiam
1535 1944 1692 1990 levem
1716 1954 1767 1990 et
1786 1943 2030 1994 infirmam
2058 1967 2158 1999 esse

178 2027 336 2081 facile,
372 2026 413 2072 si
442 2025 560 2089 quid
585 2024 742 2081 video,
778 2025 1084 2091 intelligitur.
1155 2026 1274 2091 Quis
1304 2026 1440 2073 enim
1471 2025 1565 2073 sibi
1597 2025 1897 2088 persuadeat,
1928 2046 2155 2093 graecum

181 2108 429 2173 quoddam
456 2109 645 2155 Dianae
676 2124 965 2173 cognomen,
999 2110 1149 2173 idque
1178 2111 1425 2172 peculiare
1451 2109 1763 2164 Troezenidi,
1800 2112 1932 2172 quod
1962 2128 2154 2175 praeter

225 2279 297 2325 (a)
320 2278 376 2314 ῃ).
392 2286 501 2325 eapp.
521 2284 580 2321 31.
605 2284 642 2310 et
664 2283 721 2320 32.
750 2287 789 2322 p.
810 2275 890 2317 186.
912 2282 992 2322 189.
1046 2274 1176 2313 Kuhn.

224 2373 294 2420 (ιδ)
318 2373 375 2410 Ad
396 2371 564 2418 Dionys.
585 2370 733 2419 Porieg.
750 2378 832 2412 422.

225 2462 301 2511 (η)
329 2463 436 2502 Ηῐιε.
460 2463 548 2502 Nat.
571 2442 635 2500 lv.
677 2472 708 2497 ι.
729 2468 765 2501 9.
804 2471 844 2508 p.
868 2459 949 2504 264.
974 2460 1066 2509 Bip.
1128 2461 1258 2509 Quum
1285 2453 1421 2507 rue-rie
1453 2471 1534 2495 uon
1557 2458 1608 2497 sit
1635 2458 1830 2509 quaelibet
1851 2472 2011 2510 quercus
2032 2485 2046 2506 ,
2086 2464 2153 2501 ted

292 2527 452 2573 antiqua
475 2534 512 2564 et
536 2526 682 2574 putris,
716 2522 872 2562 Plinius
896 2522 1098 2573 scripum
1119 2525 1248 2563 videti
1277 2534 1404 2593 potest
1421 2538 1433 2561 z
1466 2523 1521 2560 it·
1551 2524 1710 2561 Graecia
1739 2526 1917 2571 antiquas
1942 2523 2151 2574 appellante

293 2598 457 2632 quercus.

1623 2668 1648 2697 2
