2413 3022
997 131 1392 186 ψ
2124 131 2185 180 13

195 266 331 301 certa
375 257 532 304 otium
573 255 801 316 absumo,
854 258 1032 304 Pollux
1070 260 1310 305 molarum
1348 271 1532 302 numen
1571 253 1702 301 inter
1735 255 1952 300 Dearum
1989 252 2183 298 turbam

195 341 440 395 amandat,
487 339 764 407 ’προμυλαίοι
787 339 910 393 θεὸς,
958 352 1003 385 et
1032 343 1304 400 Hesychius
1334 340 1386 384 id
1421 340 1580 399 ipsum
1613 338 1786 382 clarius
1820 337 2018 389 recinit,
2073 351 2184 399 προ·

193 416 347 481 μυλέοι
371 419 476 478 θεὸς
501 416 698 487 ἱδρυμένη
724 419 761 469 ἐν
795 419 886 472 τοῖς
920 420 1102 481 μόλωσι
1122 456 1137 474 ,
1184 438 1237 468 ac
1269 420 1434 468 Suidas
1462 419 1733 486 προμυλὶα,
1769 415 1876 474 &sag
1905 416 2181 484 προμύλιος.

193 513 243 549 et
282 521 394 551 sane
423 506 565 551 liuius
595 507 731 549 Deae
756 499 898 566 κύριον
930 517 1110 548 nomen
1144 501 1384 550 muliebre
1417 513 1512 559 est,
1558 515 1613 549 ut
1643 503 1745 566 ipse
1776 502 1951 549 Gorius
1986 517 2068 547 me
2100 499 2186 546 ‹lo-

194 596 302 641 cet,
371 587 485 635 Scil.
532 589 712 632 Graece
766 582 928 650 Σειρώ,
1001 595 1050 628 et
1092 585 1245 630 latine
1290 586 1542 637 Sirona,
1623 603 1771 649 quare
1820 586 1978 631 amico
2031 586 2183 631 etiam

193 669 282 714 hac
312 671 364 715 in
398 686 452 715 re
491 669 732 715 subiratus
765 670 949 721 vivam,
1008 666 1093 727 qui
1134 681 1237 711 non
1271 668 1430 711 solum
1465 666 1652 720 Εὕιόςον
1687 670 1815 715 inter
1858 670 2011 714 molas
2047 668 2183 713 stite-

192 750 276 801 rit,
309 767 482 795 verum
511 749 882 796 imbecillissimi
905 765 1046 794 sexus
1078 746 1294 793 fecerit'’.
1380 748 1727 799 Existimabam
1752 752 1914 812 igitur,
1952 752 2177 805 Gorium,

195 842 341 892 quem
378 832 623 878 interdum
668 849 840 894 parurn
891 831 1105 877 feliciter
1149 831 1199 876 in
1244 832 1457 893 antiquis
1498 833 1833 878 monumentis
1877 832 2179 894 explicandis

192 924 436 960 versatum
472 914 618 961 fuisse
657 930 912 969 noveram,
962 913 1013 959 in
1054 911 1391 959 dissertatione
1426 913 1587 976 aliqua
1628 913 1687 960 de
1716 917 1826 961 Deo
1856 915 2177 977 pistrinorum

191 999 344 1043 tutela
393 998 608 1044 docuisse
660 1008 710 1042 et
756 997 1145 1046 demonstrasse,
1206 996 1429 1041 Sironam
1474 999 1652 1042 Graece
1697 998 1987 1058 appellatam
2030 997 2179 1044 fuisse

192 1076 357 1141 Σειρώ,
431 1080 568 1134 cujus
608 1091 771 1125 tamen
818 1076 1033 1124 nominis
1067 1091 1304 1137 nusquam
1351 1077 1482 1138 apud
1521 1089 1704 1124 veteres
1742 1081 2002 1143 vestigium
2041 1097 2178 1142 repe·

189 1157 376 1204 riebam
404 1173 416 1208 :
492 1160 595 1221 ipsa
636 1175 752 1205 vero
800 1160 883 1205 illa
937 1158 1271 1204 dissertatione
1334 1159 1547 1220 inspecta
1599 1158 1711 1220 (²⁴)
1778 1159 1883 1206 fieri
1935 1178 2034 1208 non
2090 1178 2178 1224 po·

191 1250 315 1287 terat
359 1240 480 1304 quin
520 1241 684 1289 statim
715 1239 1070 1307 intelligerem,
1129 1240 1249 1308 quid
1286 1240 1344 1288 de
1375 1241 1589 1288 Goriano
1631 1243 1834 1288 invento
1863 1244 2177 1292 statuendum

190 1333 329 1370 esset.

341 1407 592 1453 Nimirum
619 1405 670 1452 id
691 1388 856 1470 agebat
876 1403 1065 1458 GoriuS,
1099 1414 1158 1449 ut
1183 1403 1449 1453 illustraret
1473 1409 1770 1472 gemmulam
1792 1408 2061 1470 antiquam,
2095 1406 2178 1454 cui

188 1487 487 1550 inscalptum
529 1487 726 1535 videbat
760 1489 990 1534 iuvenem
1017 1487 1357 1541 seminudum,
1404 1490 1545 1535 laevo
1577 1488 1774 1535 brachio
1801 1490 1983 1550 spicas,
2024 1504 2176 1535 manu

191 1567 360 1617 dextra
378 1582 597 1632 porrecta
621 1571 802 1617 molam
825 1570 1094 1617 trusatilem
1114 1587 1199 1618 seu
1222 1571 1522 1617 manual-iam
1544 1571 1722 1633 (qualis
1733 1571 1901 1617 saltem
1914 1569 2174 1634 interpreti

190 1652 290 1699 visa
302 1652 419 1710 fuit)
441 1663 727 1717 gestantem.
776 1654 880 1697 Hac
899 1666 1017 1697 vero
1039 1650 1262 1697 icuncula
1288 1653 1489 1698 Genium
1497 1649 1827 1717 frugiferum,
1854 1652 1905 1697 in
1927 1652 2033 1698 aliis
2054 1668 2176 1716 quo·

193 1750 290 1798 que
323 1735 655 1780 monumentis
695 1733 920 1785 obv-ium,
970 1744 1021 1778 et
1050 1749 1076 1779 a
1113 1734 1304 1779 Graecis
1330 1733 1519 1787 Εὐνόςου
1552 1751 1636 1780 seu
1671 1733 1933 1802 προμυλίοο
1965 1735 2176 1781 nomine

192 1816 505 1877 appellatum,
543 1815 760 1861 exhiberi
781 1815 1086 1862 affirmabat:
1125 1820 1404 1862 Romanum
1432 1816 1629 1878 quidem
1651 1817 1782 1861 inias
1804 1817 2061 1879 proprium
2083 1833 2173 1864 no·

190 1912 306 1946 men
329 1898 579 1961 hucusque
602 1898 827 1963 ignorari,
862 1897 1075 1954 inveniri
1097 1910 1263 1947 tamen
1284 1888 1545 1963 aliquando
1565 1913 1718 1961 posse.
1763 1897 1893 1945 Huic
1916 1897 2009 1946 deo
2027 1900 2172 1947 Grae-

189 1996 286 2035 cos,
324 1991 379 2026 ut
397 1982 629 2027 comitem
656 1976 757 2027 sive
779 1995 1012 2035 sororem,
1048 1980 1262 2040 junxisse
1287 1998 1437 2044 porro
1460 1979 1685 2028 narrabat
1709 1978 1991 2046 προμυλὶαν,
2033 1980 2169 2043 quasi

191 2065 354 2109 Deam
373 2063 617 2118 molarem,
655 2074 703 2109 et
723 2078 836 2108 sane
859 2058 1176 2109 memorabile
1197 2062 1290 2109 sibi
1311 2063 1480 2120 videri,
1521 2068 1739 2110 Romana
1766 2078 2006 2110 marmora
2032 2080 2169 2110 men·

187 2145 377 2191 tionem
407 2145 564 2193 facere
600 2149 736 2192 Deae
769 2148 990 2201 Sironae,
1045 2146 1180 2192 cuius
1213 2161 1397 2193 nomen
1441 2163 1470 2192 e
1505 2161 1679 2210 graeco
1709 2146 1772 2190 sit
1813 2145 2165 2200 derivandum3

190 2226 371 2277 dictam
405 2228 541 2274 enim
579 2228 728 2274 fuisse
771 2227 886 2296 Σιρώ
914 2226 1015 2277 dm?
1045 2227 1133 2277 τῶν
1172 2228 1323 2295 σιρῶν,
1381 2228 1413 2274 i.
1441 2244 1483 2274 e.
1529 2244 1554 2273 a
1582 2224 1852 2280 scrobibus,
1894 2226 1948 2271 in
1984 2225 2164 2288 quibus

188 2309 384 2356 condita
421 2308 669 2356 frumenta
703 2321 1019 2357 asservantur·
1113 2313 1205 2359 Cui
1234 2313 1307 2360 rei
1349 2309 1500 2358 fidem
1534 2310 1688 2355 facere
1721 2308 2024 2372 epigramma
2049 2311 2166 2353 Era-

235 2509 306 2556 (u)
335 2509 522 2557 Inscripta
539 2517 615 2544 est:
659 2505 927 2544 Osservazioni
944 2506 1008 2542 del
1024 2506 1206 2555 Proposeo
1227 2509 1257 2546 A
1270 2519 1402 2547 nton.
1430 2509 1597 2545 Frane.
1622 2502 1768 2552 Geni,
1803 2514 1918 2551 sopra
1945 2503 2016 2537 νῆ’
2029 2503 2164 2539 antie-

299 2581 448 2620 gcmma
466 2571 652 2607 annulare
668 2577 955 2618 raprese‘ntante
972 2569 1139 2606 Eunosto
1156 2594 1170 2616 ,
1195 2572 1270 2608 Dio
1292 2573 1349 2607 ἅθ’
1369 2569 1531 2606 Mulini.
1580 2568 1663 2605 vid.
1691 2566 1884 2603 Memorio
1898 2564 1940 2599 di
1955 2564 2058 2600 varia
2073 2577 2161 2600 eru·

300 2633 458 2670 dizione
477 2633 575 2671 della
596 2632 744 2670 societ&
759 2632 1005 2671 colombaria
1026 2633 1274 2679 florentina,
1303 2635 1348 2671 in
1362 2634 1542 2672 Livorno
1565 2640 1668 2678 1752.
1702 2640 1739 2677 4·-
1763 2627 1915 2671 Vol-11·
1934 2636 2164 2675 Paos-“111-
