<?xml version="1.0" encoding="UTF-8"?>
<!DOCTYPE html PUBLIC "-//W3C//DTD XHTML 1.0 Transitional//EN"
    "http://www.w3.org/TR/xhtml1/DTD/xhtml1-transitional.dtd">
<html xmlns="http://www.w3.org/1999/xhtml" xml:lang="en" lang="en">
 <head>
  <title>
</title>
<meta http-equiv="Content-Type" content="text/html;charset=utf-8" />
  <meta name='ocr-system' content='tesseract 3.04.00' />
  <meta name='ocr-capabilities' content='ocr_page ocr_carea ocr_par ocr_line ocrx_word'/>
</head>
<body>
  <div class='ocr_page' id='page_1' title='image "4627530_0020.png"; bbox 0 0 2413 3022; ppageno 0'>
   <div class='ocr_carea' id='block_1_1' title="bbox 206 101 2197 374">
    <p class='ocr_par' dir='ltr' id='par_1_1' title="bbox 206 101 2197 374">
     <span class='ocr_line' id='line_1_1' title="bbox 209 101 1404 175; baseline 0.001 -25"><span class='ocrx_word' id='word_1_1' title='bbox 209 115 272 175; x_wconf 67' lang='lat'>14</span> <span class='ocrx_word' id='word_1_2' title='bbox 1008 101 1404 151; x_wconf 27' lang='lat' dir='ltr'>&amp;W</span> 
     </span>
     <span class='ocr_line' id='line_1_2' title="bbox 206 225 2195 290; baseline 0.001 -13"><span class='ocrx_word' id='word_1_3' title='bbox 206 229 447 279; x_wconf 86' lang='lat' dir='ltr'>tosthenis</span> <span class='ocrx_word' id='word_1_4' title='bbox 478 226 606 290; x_wconf 83' lang='lat' dir='ltr'>apud</span> <span class='ocrx_word' id='word_1_5' title='bbox 642 226 906 274; x_wconf 87' lang='lat' dir='ltr'>Eutocium</span> <span class='ocrx_word' id='word_1_6' title='bbox 937 236 986 274; x_wconf 86' lang='lat' dir='ltr'>et</span> <span class='ocrx_word' id='word_1_7' title='bbox 1015 225 1391 286; x_wconf 84' lang='lat' dir='ltr'>inscriptionem</span> <span class='ocrx_word' id='word_1_8' title='bbox 1417 225 1550 272; x_wconf 77' lang='lat' dir='ltr'>illam</span> <span class='ocrx_word' id='word_1_9' title='bbox 1592 228 1721 290; x_wconf 78' lang='lat' dir='ltr'>apud</span> <span class='ocrx_word' id='word_1_10' title='bbox 1757 230 2018 278; x_wconf 83' lang='lat' dir='ltr'><strong>Gruterum</strong></span> <span class='ocrx_word' id='word_1_11' title='bbox 2053 245 2078 277; x_wconf 86' lang='lat' dir='ltr'>a</span> <span class='ocrx_word' id='word_1_12' title='bbox 2111 244 2195 278; x_wconf 81' lang='lat' dir='ltr'>ne·-</span> 
     </span>
     <span class='ocr_line' id='line_1_3' title="bbox 208 304 2197 374; baseline -0.001 -13"><span class='ocrx_word' id='word_1_13' title='bbox 208 317 343 361; x_wconf 83' lang='lat' dir='ltr'>mine</span> <span class='ocrx_word' id='word_1_14' title='bbox 378 313 681 374; x_wconf 84' lang='lat' dir='ltr'><strong>explicatam.</strong></span> <span class='ocrx_word' id='word_1_15' title='bbox 771 313 878 372; x_wconf 85' lang='lat' dir='ltr'>Ipsa</span> <span class='ocrx_word' id='word_1_16' title='bbox 909 308 1082 354; x_wconf 89' lang='lat' dir='ltr'>Gorii</span> <span class='ocrx_word' id='word_1_17' title='bbox 1111 304 1258 352; x_wconf 90' lang='lat' dir='ltr'>verba</span> <span class='ocrx_word' id='word_1_18' title='bbox 1289 307 1340 352; x_wconf 90' lang='lat' dir='ltr'>in</span> <span class='ocrx_word' id='word_1_19' title='bbox 1373 308 1589 372; x_wconf 80' lang='lat' dir='ltr'>margine</span> <span class='ocrx_word' id='word_1_20' title='bbox 1622 306 1722 373; x_wconf 69' lang='lat'><em>(2‘)</em></span> <span class='ocrx_word' id='word_1_21' title='bbox 1754 311 1981 373; x_wconf 83' lang='lat' dir='ltr'>ponenda</span> <span class='ocrx_word' id='word_1_22' title='bbox 2014 313 2197 359; x_wconf 86' lang='lat' dir='ltr'>curavi.</span> 
     </span>
    </p>
   </div>
   <div class='ocr_carea' id='block_1_2' title="bbox 211 405 2201 1128">
    <p class='ocr_par' dir='ltr' id='par_1_2' title="bbox 211 405 2201 1128">
     <span class='ocr_line' id='line_1_4' title="bbox 376 405 2196 471; baseline -0.002 -13"><span class='ocrx_word' id='word_1_23' title='bbox 376 417 493 458; x_wconf 86' lang='lat' dir='ltr'>Non</span> <span class='ocrx_word' id='word_1_24' title='bbox 543 427 664 471; x_wconf 88' lang='lat' dir='ltr'>opus</span> <span class='ocrx_word' id='word_1_25' title='bbox 705 425 808 454; x_wconf 85' lang='lat' dir='ltr'>esse</span> <span class='ocrx_word' id='word_1_26' title='bbox 847 407 1065 460; x_wconf 88' lang='lat' dir='ltr'>videtur,</span> <span class='ocrx_word' id='word_1_27' title='bbox 1119 416 1176 450; x_wconf 87' lang='lat' dir='ltr'>ut</span> <span class='ocrx_word' id='word_1_28' title='bbox 1218 405 1363 450; x_wconf 79' lang='lat' dir='ltr'>huius</span> <span class='ocrx_word' id='word_1_29' title='bbox 1406 410 1679 455; x_wconf 83' lang='lat' dir='ltr'>commenti</span> <span class='ocrx_word' id='word_1_30' title='bbox 1720 409 1983 454; x_wconf 86' lang='lat' dir='ltr'>vanitatem</span> <span class='ocrx_word' id='word_1_31' title='bbox 2028 408 2196 454; x_wconf 78' lang='lat' dir='ltr'>multis</span> 
     </span>
     <span class='ocr_line' id='line_1_5' title="bbox 211 485 2196 549; baseline -0.004 -6"><span class='ocrx_word' id='word_1_32' title='bbox 211 497 558 544; x_wconf 72' lang='lat' dir='ltr'>demonstrem.</span> <span class='ocrx_word' id='word_1_33' title='bbox 649 495 811 538; x_wconf 78' lang='lat' dir='ltr'>Nemo</span> <span class='ocrx_word' id='word_1_34' title='bbox 850 489 984 535; x_wconf 88' lang='lat' dir='ltr'>enim</span> <span class='ocrx_word' id='word_1_35' title='bbox 1016 498 1087 534; x_wconf 88' lang='lat' dir='ltr'>est</span> <span class='ocrx_word' id='word_1_36' title='bbox 1121 485 1208 549; x_wconf 89' lang='lat' dir='ltr'>qui</span> <span class='ocrx_word' id='word_1_37' title='bbox 1239 501 1341 532; x_wconf 87' lang='lat' dir='ltr'>non</span> <span class='ocrx_word' id='word_1_38' title='bbox 1385 489 1549 536; x_wconf 86' lang='lat' dir='ltr'>statim</span> <span class='ocrx_word' id='word_1_39' title='bbox 1582 490 1768 546; x_wconf 82' lang='lat' dir='ltr'>videat,</span> <span class='ocrx_word' id='word_1_40' title='bbox 1822 490 1949 537; x_wconf 85' lang='lat' dir='ltr'>nihil</span> <span class='ocrx_word' id='word_1_41' title='bbox 1984 489 2196 537; x_wconf 82' lang='lat' dir='ltr'>omnino</span> 
     </span>
     <span class='ocr_line' id='line_1_6' title="bbox 212 565 2194 637; baseline -0.005 -11"><span class='ocrx_word' id='word_1_42' title='bbox 212 578 463 626; x_wconf 90' lang='lat' dir='ltr'>Gorium</span> <span class='ocrx_word' id='word_1_43' title='bbox 500 573 791 637; x_wconf 84' lang='lat' dir='ltr'>protulisse,</span> <span class='ocrx_word' id='word_1_44' title='bbox 850 587 979 634; x_wconf 86' lang='lat' dir='ltr'>quo,</span> <span class='ocrx_word' id='word_1_45' title='bbox 1034 573 1239 616; x_wconf 82' lang='lat' dir='ltr'>Graecos</span> <span class='ocrx_word' id='word_1_46' title='bbox 1275 565 1388 635; x_wconf 70' lang='grc' dir='ltr'>Σιρώ</span> <span class='ocrx_word' id='word_1_47' title='bbox 1423 569 1567 618; x_wconf 87' lang='lat' dir='ltr'>deam</span> <span class='ocrx_word' id='word_1_48' title='bbox 1614 573 1844 628; x_wconf 85' lang='lat' dir='ltr'>coluisse,</span> <span class='ocrx_word' id='word_1_49' title='bbox 1900 571 2194 626; x_wconf 82' lang='lat' dir='ltr'>ostenderet,</span> 
     </span>
     <span class='ocr_line' id='line_1_7' title="bbox 215 651 2196 725; baseline -0.003 -20"><span class='ocrx_word' id='word_1_50' title='bbox 215 658 435 725; x_wconf 75' lang='lat' dir='ltr'>quamvis</span> <span class='ocrx_word' id='word_1_51' title='bbox 473 659 568 703; x_wconf 82' lang='lat' dir='ltr'>hoc</span> <span class='ocrx_word' id='word_1_52' title='bbox 600 657 674 702; x_wconf 89' lang='lat' dir='ltr'>illi</span> <span class='ocrx_word' id='word_1_53' title='bbox 703 671 728 701; x_wconf 90' lang='lat' dir='ltr'>a</span> <span class='ocrx_word' id='word_1_54' title='bbox 762 654 1095 708; x_wconf 83' lang='lat' dir='ltr'>Martorellio,</span> <span class='ocrx_word' id='word_1_55' title='bbox 1143 651 1385 700; x_wconf 83' lang='lat' dir='ltr'>eiusmodi</span> <span class='ocrx_word' id='word_1_56' title='bbox 1420 651 1694 700; x_wconf 80' lang='lat' dir='ltr'>fabularum</span> <span class='ocrx_word' id='word_1_57' title='bbox 1727 666 1777 701; x_wconf 91' lang='lat' dir='ltr'>et</span> <span class='ocrx_word' id='word_1_58' title='bbox 1811 655 1918 718; x_wconf 91' lang='lat' dir='ltr'>ipso</span> <span class='ocrx_word' id='word_1_59' title='bbox 1949 654 2196 717; x_wconf 84' lang='lat' dir='ltr'>praeclaro</span> 
     </span>
     <span class='ocr_line' id='line_1_8' title="bbox 212 737 2199 800; baseline -0.004 -11"><span class='ocrx_word' id='word_1_60' title='bbox 212 741 421 794; x_wconf 82' lang='lat' dir='ltr'>artifice,</span> <span class='ocrx_word' id='word_1_61' title='bbox 478 739 708 784; x_wconf 83' lang='lat' dir='ltr'>facillime</span> <span class='ocrx_word' id='word_1_62' title='bbox 744 753 1029 783; x_wconf 87' lang='lat' dir='ltr'>concessum</span> <span class='ocrx_word' id='word_1_63' title='bbox 1071 737 1250 782; x_wconf 81' lang='lat' dir='ltr'>fuerit:</span> <span class='ocrx_word' id='word_1_64' title='bbox 1311 738 1562 782; x_wconf 78' lang='lat' dir='ltr'>ostendisse</span> <span class='ocrx_word' id='word_1_65' title='bbox 1611 740 1745 783; x_wconf 82' lang='lat' dir='ltr'>enim</span> <span class='ocrx_word' id='word_1_66' title='bbox 1785 754 1834 783; x_wconf 90' lang='lat' dir='ltr'>se</span> <span class='ocrx_word' id='word_1_67' title='bbox 1872 738 2199 800; x_wconf 82' lang='lat' dir='ltr'>originatione</span> 
     </span>
     <span class='ocr_line' id='line_1_9' title="bbox 213 815 2199 883; baseline -0.005 -12"><span class='ocrx_word' id='word_1_68' title='bbox 213 840 296 871; x_wconf 86' lang='lat' dir='ltr'>sua</span> <span class='ocrx_word' id='word_1_69' title='bbox 338 820 553 868; x_wconf 86' lang='lat' dir='ltr'>nominis</span> <span class='ocrx_word' id='word_1_70' title='bbox 597 820 883 875; x_wconf 83' lang='lat' dir='ltr'>Sironae,</span> <span class='ocrx_word' id='word_1_71' title='bbox 944 835 1089 881; x_wconf 82' lang='lat' dir='ltr'>quam</span> <span class='ocrx_word' id='word_1_72' title='bbox 1128 830 1177 865; x_wconf 88' lang='lat' dir='ltr'>et</span> <span class='ocrx_word' id='word_1_73' title='bbox 1218 816 1738 883; x_wconf 77' lang='lat' dir='ltr'>Hagenbuchium</span> <span class='ocrx_word' id='word_1_74' title='bbox 1781 818 2077 882; x_wconf 83' lang='lat' dir='ltr'>excogitasse</span> <span class='ocrx_word' id='word_1_75' title='bbox 2114 815 2199 862; x_wconf 85' lang='lat' dir='ltr'>sed</span> 
     </span>
     <span class='ocr_line' id='line_1_10' title="bbox 214 897 2200 961; baseline -0.004 -11"><span class='ocrx_word' id='word_1_76' title='bbox 214 919 334 950; x_wconf 83' lang='lat' dir='ltr'>mox</span> <span class='ocrx_word' id='word_1_77' title='bbox 362 900 587 947; x_wconf 83' lang='lat' dir='ltr'>abiecisse</span> <span class='ocrx_word' id='word_1_78' title='bbox 616 910 778 945; x_wconf 78' lang='lat' dir='ltr'>narrat</span> <span class='ocrx_word' id='word_1_79' title='bbox 813 898 1146 946; x_wconf 84' lang='lat' dir='ltr'>Oberlinus</span> <span class='ocrx_word' id='word_1_80' title='bbox 1181 897 1297 960; x_wconf 79' lang='lat'><strong>(²⁶),</strong></span> <span class='ocrx_word' id='word_1_81' title='bbox 1339 899 1424 945; x_wconf 82' lang='lat' dir='ltr'>vix</span> <span class='ocrx_word' id='word_1_82' title='bbox 1445 897 1672 959; x_wconf 86' lang='lat' dir='ltr'>cuiquam</span> <span class='ocrx_word' id='word_1_83' title='bbox 1696 898 1994 961; x_wconf 83' lang='lat' dir='ltr'>persuaserit.</span> <span class='ocrx_word' id='word_1_84' title='bbox 2065 900 2200 943; x_wconf 72' lang='lat' dir='ltr'>Cete-</span> 
     </span>
     <span class='ocr_line' id='line_1_11' title="bbox 214 966 2197 1048; baseline -0.003 -15"><span class='ocrx_word' id='word_1_85' title='bbox 214 1003 325 1033; x_wconf 90' lang='lat' dir='ltr'>rum</span> <span class='ocrx_word' id='word_1_86' title='bbox 349 966 468 1048; x_wconf 74' lang='lat' dir='ltr'>quid</span> <span class='ocrx_word' id='word_1_87' title='bbox 489 981 604 1047; x_wconf 73' lang='grc' dir='ltr'>σιρός</span> <span class='ocrx_word' id='word_1_88' title='bbox 624 982 710 1035; x_wconf 86' lang='lat' dir='ltr'>sit,</span> <span class='ocrx_word' id='word_1_89' title='bbox 761 997 822 1028; x_wconf 83' lang='lat' dir='ltr'>ex</span> <span class='ocrx_word' id='word_1_90' title='bbox 854 986 1125 1027; x_wconf 78' lang='lat' dir='ltr'>Varrone</span> <span class='ocrx_word' id='word_1_91' title='bbox 1156 992 1206 1027; x_wconf 87' lang='lat' dir='ltr'>et</span> <span class='ocrx_word' id='word_1_92' title='bbox 1231 980 1580 1026; x_wconf 83' lang='lat' dir='ltr'>Columella</span> <span class='ocrx_word' id='word_1_93' title='bbox 1615 979 1711 1040; x_wconf 82' lang='lat'>(²⁷)</span> <span class='ocrx_word' id='word_1_94' title='bbox 1748 982 1978 1027; x_wconf 88' lang='lat' dir='ltr'>novimus</span> <span class='ocrx_word' id='word_1_95' title='bbox 1999 994 2197 1033; x_wconf 81' lang='lat' dir='ltr'>omnes:</span> 
     </span>
     <span class='ocr_line' id='line_1_12' title="bbox 213 1062 2201 1128; baseline -0.004 -13"><span class='ocrx_word' id='word_1_96' title='bbox 213 1070 266 1116; x_wconf 82' lang='lat' dir='ltr'>in</span> <span class='ocrx_word' id='word_1_97' title='bbox 304 1065 741 1113; x_wconf 83' lang='lat' dir='ltr'>Eratosthenis</span> <span class='ocrx_word' id='word_1_98' title='bbox 783 1079 899 1110; x_wconf 84' lang='lat' dir='ltr'>vero</span> <span class='ocrx_word' id='word_1_99' title='bbox 943 1063 1436 1128; x_wconf 79' lang='lat' dir='ltr'>epigrammate-(²⁸)</span> <span class='ocrx_word' id='word_1_100' title='bbox 1483 1062 1776 1110; x_wconf 78' lang='lat' dir='ltr'>vocabulum</span> <span class='ocrx_word' id='word_1_101' title='bbox 1821 1063 1947 1117; x_wconf 80' lang='lat' dir='ltr'>illud</span> <span class='ocrx_word' id='word_1_102' title='bbox 1988 1062 2201 1109; x_wconf 86' lang='lat' dir='ltr'>occurrit</span> 
     </span>
    </p>
   </div>
   <div class='ocr_carea' id='block_1_3' title="bbox 263 1271 2206 1997">
    <p class='ocr_par' dir='ltr' id='par_1_3' title="bbox 263 1271 2206 1997">
     <span class='ocr_line' id='line_1_13' title="bbox 263 1271 2206 1327; baseline -0.002 -13"><span class='ocrx_word' id='word_1_103' title='bbox 263 1279 332 1326; x_wconf 60' lang='grc' dir='ltr'>(ιδ)</span> <span class='ocrx_word' id='word_1_104' title='bbox 369 1276 641 1327; x_wconf 79' lang='lat' dir='ltr'>„Aggiunsero</span> <span class='ocrx_word' id='word_1_105' title='bbox 665 1274 681 1310; x_wconf 78' lang='lat' dir='ltr'>i</span> <span class='ocrx_word' id='word_1_106' title='bbox 704 1274 821 1312; x_wconf 84' lang='lat' dir='ltr'>Greci</span> <span class='ocrx_word' id='word_1_107' title='bbox 844 1288 865 1311; x_wconf 83' lang='lat' dir='ltr'>a</span> <span class='ocrx_word' id='word_1_108' title='bbox 889 1283 1020 1321; x_wconf 82' lang='lat' dir='ltr'>questo</span> <span class='ocrx_word' id='word_1_109' title='bbox 1042 1273 1122 1309; x_wconf 90' lang='lat' dir='ltr'>Dio</span> <span class='ocrx_word' id='word_1_110' title='bbox 1152 1271 1272 1309; x_wconf 76' lang='lat' dir='ltr'>anche</span> <span class='ocrx_word' id='word_1_111' title='bbox 1297 1284 1371 1308; x_wconf 88' lang='lat' dir='ltr'>una</span> <span class='ocrx_word' id='word_1_112' title='bbox 1391 1272 1494 1314; x_wconf 78' lang='lat' dir='ltr'>Dea,</span> <span class='ocrx_word' id='word_1_113' title='bbox 1527 1283 1637 1308; x_wconf 80' lang='lat' dir='ltr'>come</span> <span class='ocrx_word' id='word_1_114' title='bbox 1653 1285 1858 1322; x_wconf 84' lang='lat' dir='ltr'>compagna</span> <span class='ocrx_word' id='word_1_115' title='bbox 1880 1287 1899 1309; x_wconf 90' lang='lat' dir='ltr'>e</span> <span class='ocrx_word' id='word_1_116' title='bbox 1921 1272 2022 1311; x_wconf 78' lang='lat' dir='ltr'>forse</span> <span class='ocrx_word' id='word_1_117' title='bbox 2047 1273 2206 1320; x_wconf 77' lang='lat' dir='ltr'>sorella,</span> 
     </span>
     <span class='ocr_line' id='line_1_14' title="bbox 329 1332 2205 1387; baseline -0.001 -13"><span class='ocrx_word' id='word_1_118' title='bbox 329 1352 349 1374; x_wconf 88' lang='lat' dir='ltr'>e</span> <span class='ocrx_word' id='word_1_119' title='bbox 374 1339 542 1374; x_wconf 82' lang='lat' dir='ltr'>siccome</span> <span class='ocrx_word' id='word_1_120' title='bbox 560 1336 691 1385; x_wconf 84' lang='lat' dir='ltr'>quello</span> <span class='ocrx_word' id='word_1_121' title='bbox 709 1348 778 1385; x_wconf 85' lang='lat' dir='ltr'>per</span> <span class='ocrx_word' id='word_1_122' title='bbox 802 1335 836 1370; x_wconf 80' lang='lat' dir='ltr'>la</span> <span class='ocrx_word' id='word_1_123' title='bbox 856 1335 1080 1384; x_wconf 79' lang='lat' dir='ltr'>presidenza</span> <span class='ocrx_word' id='word_1_124' title='bbox 1100 1332 1174 1367; x_wconf 83' lang='lat' dir='ltr'>alle</span> <span class='ocrx_word' id='word_1_125' title='bbox 1200 1333 1344 1368; x_wconf 83' lang='lat' dir='ltr'>macini</span> <span class='ocrx_word' id='word_1_126' title='bbox 1369 1333 1513 1369; x_wconf 74' lang='lat' dir='ltr'>dinero</span> <span class='ocrx_word' id='word_1_127' title='bbox 1538 1335 1750 1379; x_wconf 85' lang='lat' dir='ltr'>Promilio,</span> <span class='ocrx_word' id='word_1_128' title='bbox 1786 1337 1868 1372; x_wconf 67' lang='lat' dir='ltr'>cosi</span> <span class='ocrx_word' id='word_1_129' title='bbox 1891 1347 2018 1386; x_wconf 76' lang='lat' dir='ltr'>questa</span> <span class='ocrx_word' id='word_1_130' title='bbox 2041 1337 2205 1387; x_wconf 77' lang='lat' dir='ltr'>appella-</span> 
     </span>
     <span class='ocr_line' id='line_1_15' title="bbox 329 1394 2205 1446; baseline 0 -10"><span class='ocrx_word' id='word_1_131' title='bbox 329 1413 430 1436; x_wconf 77' lang='lat' dir='ltr'>tono</span> <span class='ocrx_word' id='word_1_132' title='bbox 447 1400 646 1441; x_wconf 86' lang='lat' dir='ltr'>Promilia,</span> <span class='ocrx_word' id='word_1_133' title='bbox 670 1397 754 1434; x_wconf 65' lang='lat' dir='ltr'>cioe</span> <span class='ocrx_word' id='word_1_134' title='bbox 772 1399 852 1434; x_wconf 86' lang='lat' dir='ltr'>Dea</span> <span class='ocrx_word' id='word_1_135' title='bbox 871 1397 1048 1433; x_wconf 71' lang='lat' dir='ltr'>Molaria.</span> <span class='ocrx_word' id='word_1_136' title='bbox 1094 1394 1173 1431; x_wconf 81' lang='lat' dir='ltr'>Pub</span> <span class='ocrx_word' id='word_1_137' title='bbox 1192 1409 1313 1433; x_wconf 73' lang='lat' dir='ltr'>essere</span> <span class='ocrx_word' id='word_1_138' title='bbox 1331 1396 1401 1433; x_wconf 85' lang='lat' dir='ltr'>che</span> <span class='ocrx_word' id='word_1_139' title='bbox 1421 1397 1463 1431; x_wconf 87' lang='lat' dir='ltr'>in</span> <span class='ocrx_word' id='word_1_140' title='bbox 1484 1396 1642 1443; x_wconf 86' lang='lat' dir='ltr'>qualche</span> <span class='ocrx_word' id='word_1_141' title='bbox 1658 1407 1786 1446; x_wconf 86' lang='lat' dir='ltr'>tempo</span> <span class='ocrx_word' id='word_1_142' title='bbox 1805 1399 1840 1433; x_wconf 78' lang='lat' dir='ltr'>si</span> <span class='ocrx_word' id='word_1_143' title='bbox 1858 1399 2070 1435; x_wconf 82' lang='lat' dir='ltr'>dissotterri</span> <span class='ocrx_word' id='word_1_144' title='bbox 2090 1401 2205 1436; x_wconf 78' lang='lat' dir='ltr'>scrit-</span> 
     </span>
     <span class='ocr_line' id='line_1_16' title="bbox 327 1454 2204 1510; baseline 0.001 -14"><span class='ocrx_word' id='word_1_145' title='bbox 327 1471 369 1499; x_wconf 82' lang='lat' dir='ltr'>to</span> <span class='ocrx_word' id='word_1_146' title='bbox 389 1459 418 1497; x_wconf 87' lang='lat' dir='ltr'>il</span> <span class='ocrx_word' id='word_1_147' title='bbox 441 1460 602 1510; x_wconf 80' lang='lat' dir='ltr'>proprio</span> <span class='ocrx_word' id='word_1_148' title='bbox 625 1470 741 1495; x_wconf 87' lang='lat' dir='ltr'>nome</span> <span class='ocrx_word' id='word_1_149' title='bbox 757 1458 798 1494; x_wconf 87' lang='lat' dir='ltr'>di</span> <span class='ocrx_word' id='word_1_150' title='bbox 823 1468 955 1508; x_wconf 83' lang='lat' dir='ltr'>questo</span> <span class='ocrx_word' id='word_1_151' title='bbox 982 1458 1064 1495; x_wconf 90' lang='lat' dir='ltr'>Dio</span> <span class='ocrx_word' id='word_1_152' title='bbox 1087 1469 1220 1508; x_wconf 70' lang='lat' dir='ltr'>presto</span> <span class='ocrx_word' id='word_1_153' title='bbox 1249 1458 1307 1510; x_wconf 83' lang='lat' dir='ltr'>gli</span> <span class='ocrx_word' id='word_1_154' title='bbox 1328 1457 1475 1495; x_wconf 76' lang='lat' dir='ltr'>antichi</span> <span class='ocrx_word' id='word_1_155' title='bbox 1500 1457 1688 1499; x_wconf 57' lang='lat' dir='ltr'>Romanu</span> <span class='ocrx_word' id='word_1_156' title='bbox 1731 1454 1955 1508; x_wconf 79' lang='lat' dir='ltr'>&#39;parendomi</span> <span class='ocrx_word' id='word_1_157' title='bbox 1979 1469 2106 1497; x_wconf 73' lang='lat' dir='ltr'>strano</span> <span class='ocrx_word' id='word_1_158' title='bbox 2131 1460 2204 1497; x_wconf 78' lang='lat' dir='ltr'>cho</span> 
     </span>
     <span class='ocr_line' id='line_1_17' title="bbox 331 1519 2203 1570; baseline 0 -11"><span class='ocrx_word' id='word_1_159' title='bbox 331 1523 362 1559; x_wconf 79' lang='lat' dir='ltr'>si</span> <span class='ocrx_word' id='word_1_160' title='bbox 390 1523 495 1558; x_wconf 62' lang='lat' dir='ltr'>novi</span> <span class='ocrx_word' id='word_1_161' title='bbox 519 1534 698 1570; x_wconf 80' lang='lat' dir='ltr'>appresso</span> <span class='ocrx_word' id='word_1_162' title='bbox 725 1522 740 1556; x_wconf 86' lang='lat' dir='ltr'>i</span> <span class='ocrx_word' id='word_1_163' title='bbox 765 1523 969 1557; x_wconf 77' lang='lat' dir='ltr'>medesimi</span> <span class='ocrx_word' id='word_1_164' title='bbox 995 1523 1181 1557; x_wconf 87' lang='lat' dir='ltr'>memoria</span> <span class='ocrx_word' id='word_1_165' title='bbox 1208 1524 1267 1558; x_wconf 78' lang='lat' dir='ltr'>ne</span> <span class='ocrx_word' id='word_1_166' title='bbox 1292 1522 1430 1559; x_wconf 83' lang='lat' dir='ltr'>marmi</span> <span class='ocrx_word' id='word_1_167' title='bbox 1460 1521 1585 1556; x_wconf 72' lang='lat' dir='ltr'>scritti</span> <span class='ocrx_word' id='word_1_168' title='bbox 1616 1519 1715 1556; x_wconf 80' lang='lat' dir='ltr'>della</span> <span class='ocrx_word' id='word_1_169' title='bbox 1740 1522 1821 1557; x_wconf 78' lang='lat' dir='ltr'>Dea</span> <span class='ocrx_word' id='word_1_170' title='bbox 1843 1522 2002 1563; x_wconf 74' lang='lat' dir='ltr'>Sit-,ona</span> <span class='ocrx_word' id='word_1_171' title='bbox 2036 1523 2106 1558; x_wconf 81' lang='lat' dir='ltr'>che</span> <span class='ocrx_word' id='word_1_172' title='bbox 2128 1524 2203 1559; x_wconf 75' lang='lat' dir='ltr'>eui</span> 
     </span>
     <span class='ocr_line' id='line_1_18' title="bbox 332 1579 2204 1640; baseline 0.002 -23"><span class='ocrx_word' id='word_1_173' title='bbox 332 1593 485 1631; x_wconf 77' lang='lat' dir='ltr'>presero</span> <span class='ocrx_word' id='word_1_174' title='bbox 504 1582 576 1616; x_wconf 77' lang='lat' dir='ltr'>da&#39;</span> <span class='ocrx_word' id='word_1_175' title='bbox 565 1594 580 1616; x_wconf 77' lang='grc' dir='ltr'><strong>ι</strong></span> <span class='ocrx_word' id='word_1_176' title='bbox 598 1582 712 1616; x_wconf 77' lang='lat' dir='ltr'>Greci</span> <span class='ocrx_word' id='word_1_177' title='bbox 725 1603 738 1622; x_wconf 85' lang='lat'>‚</span> <span class='ocrx_word' id='word_1_178' title='bbox 770 1594 853 1616; x_wconf 78' lang='lat' dir='ltr'>cosi</span> <span class='ocrx_word' id='word_1_179' title='bbox 875 1582 919 1615; x_wconf 81' lang='lat' dir='ltr'>da</span> <span class='ocrx_word' id='word_1_180' title='bbox 936 1581 1023 1615; x_wconf 82' lang='lat' dir='ltr'>loro</span> <span class='ocrx_word' id='word_1_181' title='bbox 1041 1581 1139 1613; x_wconf 83' lang='lat' dir='ltr'>detta</span> <span class='ocrx_word' id='word_1_182' title='bbox 1164 1579 1262 1616; x_wconf 77' lang='lat' dir='ltr'>dalle</span> <span class='ocrx_word' id='word_1_183' title='bbox 1264 1581 1404 1640; x_wconf 44' lang='lat' dir='ltr'>“buche</span> <span class='ocrx_word' id='word_1_184' title='bbox 1425 1579 1486 1616; x_wconf 76' lang='lat' dir='ltr'>del</span> <span class='ocrx_word' id='word_1_185' title='bbox 1502 1591 1642 1629; x_wconf 82' lang='lat' dir='ltr'>grano,</span> <span class='ocrx_word' id='word_1_186' title='bbox 1666 1579 1740 1616; x_wconf 81' lang='lat' dir='ltr'>alle</span> <span class='ocrx_word' id='word_1_187' title='bbox 1758 1581 1859 1628; x_wconf 85' lang='lat' dir='ltr'>quali</span> <span class='ocrx_word' id='word_1_188' title='bbox 1877 1584 2079 1630; x_wconf 80' lang='lat' dir='ltr'>presedeva</span> <span class='ocrx_word' id='word_1_189' title='bbox 2098 1596 2204 1621; x_wconf 77' lang='lat' dir='ltr'>come</span> 
     </span>
     <span class='ocr_line' id='line_1_19' title="bbox 335 1631 2204 1691; baseline 0.002 -15"><span class='ocrx_word' id='word_1_190' title='bbox 335 1640 501 1676; x_wconf 73' lang='lat' dir='ltr'>Prestite</span> <span class='ocrx_word' id='word_1_191' title='bbox 524 1651 544 1673; x_wconf 85' lang='grc' dir='ltr'><strong>ο</strong></span> <span class='ocrx_word' id='word_1_192' title='bbox 567 1637 767 1677; x_wconf 83' lang='lat' dir='ltr'>Tutelare.</span> <span class='ocrx_word' id='word_1_193' title='bbox 800 1638 900 1673; x_wconf 79' lang='lat' dir='ltr'>oncle</span> <span class='ocrx_word' id='word_1_194' title='bbox 923 1639 964 1669; x_wconf 90' lang='grc' dir='ltr'><strong>Σ</strong></span> <span class='ocrx_word' id='word_1_195' title='bbox 956 1647 1009 1682; x_wconf 67' lang='lat' dir='ltr'>ev</span> <span class='ocrx_word' id='word_1_196' title='bbox 1029 1645 1103 1666; x_wconf 67' lang='lat'>*2¹⁰</span> <span class='ocrx_word' id='word_1_197' title='bbox 1124 1631 1188 1667; x_wconf 62' lang='lat'>‘¹²3¹</span> <span class='ocrx_word' id='word_1_198' title='bbox 1204 1646 1239 1666; x_wconf 67' lang='grc' dir='ltr'>θ·</span> <span class='ocrx_word' id='word_1_199' title='bbox 1241 1646 1326 1681; x_wconf 59' lang='grc' dir='ltr'>μ’,</span> <span class='ocrx_word' id='word_1_200' title='bbox 1361 1636 1406 1671; x_wconf 82' lang='lat' dir='ltr'>ed</span> <span class='ocrx_word' id='word_1_201' title='bbox 1433 1651 1453 1672; x_wconf 90' lang='lat' dir='ltr'>e</span> <span class='ocrx_word' id='word_1_202' title='bbox 1473 1638 1518 1673; x_wconf 83' lang='lat' dir='ltr'>da</span> <span class='ocrx_word' id='word_1_203' title='bbox 1538 1639 1693 1675; x_wconf 66' lang='lat' dir='ltr'>voden-si</span> <span class='ocrx_word' id='word_1_204' title='bbox 1719 1653 1773 1676; x_wconf 85' lang='lat' dir='ltr'>un</span> <span class='ocrx_word' id='word_1_205' title='bbox 1789 1640 2032 1691; x_wconf 74' lang='lat' dir='ltr'>Epigramma</span> <span class='ocrx_word' id='word_1_206' title='bbox 2053 1643 2093 1678; x_wconf 85' lang='lat' dir='ltr'>di</span> <span class='ocrx_word' id='word_1_207' title='bbox 2111 1645 2204 1679; x_wconf 85' lang='lat' dir='ltr'>Era·</span> 
     </span>
     <span class='ocr_line' id='line_1_20' title="bbox 333 1698 2204 1751; baseline 0.003 -15"><span class='ocrx_word' id='word_1_208' title='bbox 333 1700 512 1736; x_wconf 81' lang='lat' dir='ltr'>toathene</span> <span class='ocrx_word' id='word_1_209' title='bbox 541 1711 715 1748; x_wconf 77' lang='lat' dir='ltr'>appresso</span> <span class='ocrx_word' id='word_1_210' title='bbox 744 1700 925 1738; x_wconf 80' lang='lat' dir='ltr'>Eutocio.</span> <span class='ocrx_word' id='word_1_211' title='bbox 982 1698 1040 1735; x_wconf 89' lang='lat' dir='ltr'>Di</span> <span class='ocrx_word' id='word_1_212' title='bbox 1064 1709 1193 1747; x_wconf 68' lang='lat' dir='ltr'>questa</span> <span class='ocrx_word' id='word_1_213' title='bbox 1223 1700 1305 1736; x_wconf 89' lang='lat' dir='ltr'>Dea</span> <span class='ocrx_word' id='word_1_214' title='bbox 1331 1700 1468 1736; x_wconf 80' lang='lat' dir='ltr'>Sirona</span> <span class='ocrx_word' id='word_1_215' title='bbox 1501 1700 1536 1737; x_wconf 75' lang='lat' dir='ltr'>ai</span> <span class='ocrx_word' id='word_1_216' title='bbox 1564 1701 1602 1737; x_wconf 79' lang='lat' dir='ltr'>fa</span> <span class='ocrx_word' id='word_1_217' title='bbox 1626 1703 1811 1738; x_wconf 81' lang='lat' dir='ltr'>memoria</span> <span class='ocrx_word' id='word_1_218' title='bbox 1835 1702 1879 1738; x_wconf 87' lang='lat' dir='ltr'>in</span> <span class='ocrx_word' id='word_1_219' title='bbox 1903 1704 2022 1751; x_wconf 75' lang='lat' dir='ltr'>quent·</span> <span class='ocrx_word' id='word_1_220' title='bbox 2037 1716 2096 1740; x_wconf 81' lang='lat' dir='ltr'>ara</span> <span class='ocrx_word' id='word_1_221' title='bbox 2120 1704 2204 1741; x_wconf 84' lang='lat' dir='ltr'>data</span> 
     </span>
     <span class='ocr_line' id='line_1_21' title="bbox 330 1761 2201 1816; baseline 0.002 -19"><span class='ocrx_word' id='word_1_222' title='bbox 330 1762 375 1799; x_wconf 80' lang='lat' dir='ltr'>in</span> <span class='ocrx_word' id='word_1_223' title='bbox 405 1762 492 1797; x_wconf 80' lang='lat' dir='ltr'>luce</span> <span class='ocrx_word' id='word_1_224' title='bbox 523 1761 587 1797; x_wconf 83' lang='lat' dir='ltr'>nel</span> <span class='ocrx_word' id='word_1_225' title='bbox 612 1763 759 1798; x_wconf 72' lang='lat' dir='ltr'>Tesoro</span> <span class='ocrx_word' id='word_1_226' title='bbox 791 1762 1044 1806; x_wconf 74' lang='lat' dir='ltr'>Gruter-iano,</span> <span class='ocrx_word' id='word_1_227' title='bbox 1093 1776 1113 1798; x_wconf 90' lang='lat' dir='ltr'>e</span> <span class='ocrx_word' id='word_1_228' title='bbox 1141 1764 1184 1798; x_wconf 83' lang='lat' dir='ltr'>da</span> <span class='ocrx_word' id='word_1_229' title='bbox 1213 1763 1311 1798; x_wconf 86' lang='lat' dir='ltr'>niun</span> <span class='ocrx_word' id='word_1_230' title='bbox 1339 1762 1453 1802; x_wconf 73' lang='lat' dir='ltr'>altri.</span> <span class='ocrx_word' id='word_1_231' title='bbox 1495 1763 1566 1798; x_wconf 78' lang='lat' dir='ltr'>che</span> <span class='ocrx_word' id='word_1_232' title='bbox 1591 1764 1633 1799; x_wconf 87' lang='lat' dir='ltr'>io</span> <span class='ocrx_word' id='word_1_233' title='bbox 1671 1765 1820 1812; x_wconf 81' lang='lat' dir='ltr'>aappia,</span> <span class='ocrx_word' id='word_1_234' title='bbox 1863 1765 1983 1800; x_wconf 75' lang='lat' dir='ltr'>finora</span> <span class='ocrx_word' id='word_1_235' title='bbox 2013 1767 2201 1816; x_wconf 69' lang='lat' dir='ltr'>apiegataz</span> 
     </span>
     <span class='ocr_line' id='line_1_22' title="bbox 331 1823 2204 1876; baseline 0.001 -15"><span class='ocrx_word' id='word_1_236' title='bbox 331 1823 592 1862; x_wconf 79' lang='lat' dir='ltr'><strong>APOLLINI</strong></span> <span class='ocrx_word' id='word_1_237' title='bbox 615 1824 836 1862; x_wconf 78' lang='lat' dir='ltr'>GRANNO</span> <span class='ocrx_word' id='word_1_238' title='bbox 860 1826 927 1862; x_wconf 75' lang='lat' dir='ltr'>ET</span> <span class='ocrx_word' id='word_1_239' title='bbox 953 1825 1194 1862; x_wconf 82' lang='lat' dir='ltr'><strong>SANCTAE</strong></span> <span class='ocrx_word' id='word_1_240' title='bbox 1218 1827 1447 1863; x_wconf 87' lang='lat' dir='ltr'>SIRONAE</span> <span class='ocrx_word' id='word_1_241' title='bbox 1472 1825 1730 1864; x_wconf 78' lang='lat' dir='ltr'><strong>SACRVM.”</strong></span> <span class='ocrx_word' id='word_1_242' title='bbox 1794 1825 2064 1870; x_wconf 80' lang='lat' dir='ltr'>Subridicula,</span> <span class='ocrx_word' id='word_1_243' title='bbox 2097 1826 2204 1876; x_wconf 81' lang='lat' dir='ltr'>quod</span> 
     </span>
     <span class='ocr_line' id='line_1_23' title="bbox 333 1884 2204 1936; baseline 0.002 -16"><span class='ocrx_word' id='word_1_244' title='bbox 333 1884 459 1920; x_wconf 86' lang='lat' dir='ltr'>obiter</span> <span class='ocrx_word' id='word_1_245' title='bbox 478 1896 638 1928; x_wconf 69' lang='lat' dir='ltr'>monem,</span> <span class='ocrx_word' id='word_1_246' title='bbox 672 1885 750 1920; x_wconf 85' lang='lat' dir='ltr'>Dei</span> <span class='ocrx_word' id='word_1_247' title='bbox 768 1884 877 1921; x_wconf 83' lang='lat' dir='ltr'>illius</span> <span class='ocrx_word' id='word_1_248' title='bbox 896 1887 1074 1926; x_wconf 76' lang='lat' dir='ltr'>molaris,</span> <span class='ocrx_word' id='word_1_249' title='bbox 1109 1898 1219 1933; x_wconf 85' lang='lat' dir='ltr'>quem</span> <span class='ocrx_word' id='word_1_250' title='bbox 1245 1888 1389 1923; x_wconf 78' lang='lat' dir='ltr'>creavit</span> <span class='ocrx_word' id='word_1_251' title='bbox 1413 1888 1620 1930; x_wconf 80' lang='lat' dir='ltr'>Gorius,</span> <span class='ocrx_word' id='word_1_252' title='bbox 1659 1888 1810 1923; x_wconf 84' lang='lat' dir='ltr'>iconem</span> <span class='ocrx_word' id='word_1_253' title='bbox 1841 1889 2025 1923; x_wconf 79' lang='lat' dir='ltr'>Pittacum</span> <span class='ocrx_word' id='word_1_254' title='bbox 2050 1890 2204 1936; x_wconf 75' lang='lat' dir='ltr'>potius,</span> 
     </span>
     <span class='ocr_line' id='line_1_24' title="bbox 334 1947 2204 1997; baseline 0 -14"><span class='ocrx_word' id='word_1_255' title='bbox 334 1958 456 1983; x_wconf 84' lang='lat' dir='ltr'>unum</span> <span class='ocrx_word' id='word_1_256' title='bbox 474 1958 521 1981; x_wconf 84' lang='lat' dir='ltr'>ex</span> <span class='ocrx_word' id='word_1_257' title='bbox 540 1955 681 1993; x_wconf 73' lang='lat' dir='ltr'>septem</span> <span class='ocrx_word' id='word_1_258' title='bbox 700 1947 936 1995; x_wconf 68' lang='lat' dir='ltr'>sapientibus</span> <span class='ocrx_word' id='word_1_259' title='bbox 948 1972 961 1991; x_wconf 87' lang='lat'>,</span> <span class='ocrx_word' id='word_1_260' title='bbox 986 1948 1120 1984; x_wconf 69' lang='lat' dir='ltr'>saltem</span> <span class='ocrx_word' id='word_1_261' title='bbox 1144 1950 1279 1986; x_wconf 85' lang='lat' dir='ltr'>Pittaci</span> <span class='ocrx_word' id='word_1_262' title='bbox 1297 1948 1535 1997; x_wconf 72' lang='lat' dir='ltr'>discipulum</span> <span class='ocrx_word' id='word_1_263' title='bbox 1562 1947 1725 1997; x_wconf 85' lang='lat' dir='ltr'>aliquem</span> <span class='ocrx_word' id='word_1_264' title='bbox 1754 1948 1887 1992; x_wconf 82' lang='lat' dir='ltr'>(barba</span> <span class='ocrx_word' id='word_1_265' title='bbox 1906 1949 2008 1983; x_wconf 83' lang='lat' dir='ltr'>enim</span> <span class='ocrx_word' id='word_1_266' title='bbox 2026 1947 2204 1996; x_wconf 80' lang='lat' dir='ltr'>philoso-</span> 
     </span>
    </p>
   </div>
   <div class='ocr_carea' id='block_1_4' title="bbox 333 2006 2201 2113">
    <p class='ocr_par' dir='ltr' id='par_1_4' title="bbox 333 2006 2201 2113">
     <span class='ocr_line' id='line_1_25' title="bbox 333 2006 2201 2062; baseline 0.003 -20"><span class='ocrx_word' id='word_1_267' title='bbox 333 2006 448 2056; x_wconf 81' lang='lat' dir='ltr'>phica</span> <span class='ocrx_word' id='word_1_268' title='bbox 465 2017 641 2043; x_wconf 85' lang='lat' dir='ltr'>mentum</span> <span class='ocrx_word' id='word_1_269' title='bbox 658 2008 808 2045; x_wconf 76' lang='lat' dir='ltr'>iuvenis</span> <span class='ocrx_word' id='word_1_270' title='bbox 824 2010 926 2047; x_wconf 82' lang='lat' dir='ltr'>haud</span> <span class='ocrx_word' id='word_1_271' title='bbox 945 2023 1078 2049; x_wconf 80' lang='lat' dir='ltr'>ornare</span> <span class='ocrx_word' id='word_1_272' title='bbox 1094 2013 1271 2062; x_wconf 84' lang='lat' dir='ltr'>videtur)</span> <span class='ocrx_word' id='word_1_273' title='bbox 1294 2014 1435 2052; x_wconf 82' lang='lat' dir='ltr'>referre</span> <span class='ocrx_word' id='word_1_274' title='bbox 1451 2012 1666 2050; x_wconf 82' lang='lat' dir='ltr'>affirmavit</span> <span class='ocrx_word' id='word_1_275' title='bbox 1684 2008 1949 2048; x_wconf 83' lang='lat' dir='ltr'>Martorelliua</span> <span class='ocrx_word' id='word_1_276' title='bbox 1974 2008 2003 2046; x_wconf 88' lang='lat' dir='ltr'>l.</span> <span class='ocrx_word' id='word_1_277' title='bbox 2018 2009 2048 2046; x_wconf 85' lang='lat'>1.</span> <span class='ocrx_word' id='word_1_278' title='bbox 2071 2022 2110 2059; x_wconf 80' lang='lat' dir='ltr'>p.</span> <span class='ocrx_word' id='word_1_279' title='bbox 2120 2010 2201 2057; x_wconf 83' lang='grc'><strong>669.</strong></span> 
     </span>
     <span class='ocr_line' id='line_1_26' title="bbox 336 2071 419 2113; baseline 0 -9"><span class='ocrx_word' id='word_1_280' title='bbox 336 2071 419 2113; x_wconf 85' lang='lat'><strong>670.</strong></span> 
     </span>
    </p>
   </div>
   <div class='ocr_carea' id='block_1_5' title="bbox 268 2163 2204 2274">
    <p class='ocr_par' dir='ltr' id='par_1_5' title="bbox 268 2163 2204 2274">
     <span class='ocr_line' id='line_1_27' title="bbox 268 2163 2202 2218; baseline 0.002 -16"><span class='ocrx_word' id='word_1_281' title='bbox 268 2163 341 2210; x_wconf 73' lang='lat'>(¹⁶)</span> <span class='ocrx_word' id='word_1_282' title='bbox 377 2164 469 2202; x_wconf 76' lang='lat' dir='ltr'>vid.</span> <span class='ocrx_word' id='word_1_283' title='bbox 493 2165 677 2200; x_wconf 82' lang='lat' dir='ltr'>Muaeum</span> <span class='ocrx_word' id='word_1_284' title='bbox 697 2164 1021 2215; x_wconf 82' lang='lat' dir='ltr'>Schoepflini</span> <span class='ocrx_word' id='word_1_285' title='bbox 1046 2169 1074 2207; x_wconf 84' lang='lat' dir='ltr'>l.</span> <span class='ocrx_word' id='word_1_286' title='bbox 1092 2169 1120 2210; x_wconf 81' lang='lat' dir='ltr'>l.</span> <span class='ocrx_word' id='word_1_287' title='bbox 1153 2179 1261 2218; x_wconf 65' lang='grc' dir='ltr'>ΡΛῚ.</span> <span class='ocrx_word' id='word_1_288' title='bbox 1324 2170 1453 2206; x_wconf 82' lang='lat' dir='ltr'>Miror</span> <span class='ocrx_word' id='word_1_289' title='bbox 1473 2166 1625 2203; x_wconf 89' lang='lat' dir='ltr'>Gorio</span> <span class='ocrx_word' id='word_1_290' title='bbox 1647 2166 1891 2215; x_wconf 75' lang='lat' dir='ltr'>suffragatum</span> <span class='ocrx_word' id='word_1_291' title='bbox 1909 2179 1984 2203; x_wconf 80' lang='lat' dir='ltr'>esse</span> <span class='ocrx_word' id='word_1_292' title='bbox 2004 2167 2202 2205; x_wconf 82' lang='lat' dir='ltr'>Paulum</span> 
     </span>
     <span class='ocr_line' id='line_1_28' title="bbox 338 2219 2204 2274; baseline 0.003 -15"><span class='ocrx_word' id='word_1_293' title='bbox 338 2222 543 2259; x_wconf 83' lang='lat' dir='ltr'>Mariam</span> <span class='ocrx_word' id='word_1_294' title='bbox 570 2223 831 2267; x_wconf 77' lang='lat' dir='ltr'>Paciaudi,</span> <span class='ocrx_word' id='word_1_295' title='bbox 887 2226 939 2260; x_wconf 80' lang='lat' dir='ltr'>Da</span> <span class='ocrx_word' id='word_1_296' title='bbox 966 2227 1236 2261; x_wconf 74' lang='lat' dir='ltr'>Beneventano</span> <span class='ocrx_word' id='word_1_297' title='bbox 1263 2226 1410 2261; x_wconf 74' lang='lat' dir='ltr'>Cereris</span> <span class='ocrx_word' id='word_1_298' title='bbox 1434 2227 1625 2274; x_wconf 77' lang='lat' dir='ltr'>Augustae</span> <span class='ocrx_word' id='word_1_299' title='bbox 1657 2226 1840 2262; x_wconf 69' lang='lat' dir='ltr'>Mamoro</span> <span class='ocrx_word' id='word_1_300' title='bbox 1861 2219 2047 2268; x_wconf 50' lang='lat' dir='ltr'>skwn&#39;ffu,</span> <span class='ocrx_word' id='word_1_301' title='bbox 2089 2228 2204 2264; x_wconf 80' lang='lat' dir='ltr'>Rom·</span> 
     </span>
    </p>
   </div>
   <div class='ocr_carea' id='block_1_6' title="bbox 338 2285 1732 2336">
    <p class='ocr_par' dir='ltr' id='par_1_6' title="bbox 338 2285 1732 2336">
     <span class='ocr_line' id='line_1_29' title="bbox 338 2285 1732 2336; baseline 0.003 -17"><span class='ocrx_word' id='word_1_302' title='bbox 338 2292 375 2328; x_wconf 82' lang='grc'><strong>4.</strong></span> <span class='ocrx_word' id='word_1_303' title='bbox 405 2292 506 2328; x_wconf 84' lang='lat'><em>1753.</em></span> <span class='ocrx_word' id='word_1_304' title='bbox 545 2298 585 2333; x_wconf 81' lang='lat' dir='ltr'>p.</span> <span class='ocrx_word' id='word_1_305' title='bbox 604 2285 819 2325; x_wconf 82' lang='lat' dir='ltr'>xxxvm.</span> <span class='ocrx_word' id='word_1_306' title='bbox 850 2287 917 2323; x_wconf 78' lang='lat' dir='ltr'>aed</span> <span class='ocrx_word' id='word_1_307' title='bbox 934 2288 967 2324; x_wconf 81' lang='lat' dir='ltr'>is</span> <span class='ocrx_word' id='word_1_308' title='bbox 987 2301 1068 2324; x_wconf 82' lang='lat' dir='ltr'>rem</span> <span class='ocrx_word' id='word_1_309' title='bbox 1088 2289 1171 2336; x_wconf 71' lang='lat' dir='ltr'>ipse</span> <span class='ocrx_word' id='word_1_310' title='bbox 1194 2289 1294 2325; x_wconf 83' lang='lat' dir='ltr'>haud</span> <span class='ocrx_word' id='word_1_311' title='bbox 1318 2289 1546 2325; x_wconf 69' lang='lat' dir='ltr'>examinasse</span> <span class='ocrx_word' id='word_1_312' title='bbox 1563 2287 1732 2324; x_wconf 82' lang='lat' dir='ltr'>videtur.</span> 
     </span>
    </p>
   </div>
   <div class='ocr_carea' id='block_1_7' title="bbox 269 2375 2206 2493">
    <p class='ocr_par' dir='ltr' id='par_1_7' title="bbox 269 2375 2206 2493">
     <span class='ocr_line' id='line_1_30' title="bbox 269 2375 2206 2429; baseline 0.005 -22"><span class='ocrx_word' id='word_1_313' title='bbox 269 2375 342 2422; x_wconf 69' lang='grc' dir='ltr'>(ιτ)</span> <span class='ocrx_word' id='word_1_314' title='bbox 372 2377 465 2416; x_wconf 86' lang='lat' dir='ltr'>Vid.</span> <span class='ocrx_word' id='word_1_315' title='bbox 491 2377 637 2414; x_wconf 69' lang='lat' dir='ltr'>Indices</span> <span class='ocrx_word' id='word_1_316' title='bbox 663 2379 723 2418; x_wconf 82' lang='lat' dir='ltr'>ed.</span> <span class='ocrx_word' id='word_1_317' title='bbox 750 2381 872 2417; x_wconf 80' lang='lat' dir='ltr'>Gesn</span> <span class='ocrx_word' id='word_1_318' title='bbox 885 2382 1104 2427; x_wconf 70' lang='lat' dir='ltr'>crinitae,</span> <span class='ocrx_word' id='word_1_319' title='bbox 1137 2392 1173 2421; x_wconf 86' lang='lat' dir='ltr'>et</span> <span class='ocrx_word' id='word_1_320' title='bbox 1191 2383 1224 2420; x_wconf 89' lang='lat' dir='ltr'>si</span> <span class='ocrx_word' id='word_1_321' title='bbox 1238 2382 1371 2427; x_wconf 86' lang='lat' dir='ltr'>lubet,</span> <span class='ocrx_word' id='word_1_322' title='bbox 1403 2383 1593 2418; x_wconf 57' lang='lat' dir='ltr'>&amp;Ancora</span> <span class='ocrx_word' id='word_1_323' title='bbox 1615 2381 1720 2417; x_wconf 77' lang='lat' dir='ltr'>della</span> <span class='ocrx_word' id='word_1_324' title='bbox 1748 2383 1942 2418; x_wconf 80' lang='lat' dir='ltr'>economia</span> <span class='ocrx_word' id='word_1_325' title='bbox 1957 2378 2083 2428; x_wconf 71' lang='lat' dir='ltr'>sirica</span> <span class='ocrx_word' id='word_1_326' title='bbox 2102 2381 2206 2429; x_wconf 75' lang='lat' dir='ltr'>degli</span> 
     </span>
     <span class='ocr_line' id='line_1_31' title="bbox 342 2437 1047 2493; baseline 0.013 -20"><span class='ocrx_word' id='word_1_327' title='bbox 342 2437 514 2483; x_wconf 74' lang='lat' dir='ltr'>antichi,</span> <span class='ocrx_word' id='word_1_328' title='bbox 545 2440 669 2490; x_wconf 82' lang='lat' dir='ltr'>Neap.</span> <span class='ocrx_word' id='word_1_329' title='bbox 694 2443 796 2487; x_wconf 81' lang='grc'><strong>1796.</strong></span> <span class='ocrx_word' id='word_1_330' title='bbox 832 2449 867 2484; x_wconf 82' lang='grc'>8-</span> <span class='ocrx_word' id='word_1_331' title='bbox 901 2457 941 2493; x_wconf 77' lang='lat' dir='ltr'>p.</span> <span class='ocrx_word' id='word_1_332' title='bbox 964 2449 1047 2490; x_wconf 81' lang='lat'><strong>263·</strong></span> 
     </span>
    </p>
   </div>
   <div class='ocr_carea' id='block_1_8' title="bbox 269 2535 2207 2657">
    <p class='ocr_par' dir='ltr' id='par_1_8' title="bbox 269 2535 2207 2657">
     <span class='ocr_line' id='line_1_32' title="bbox 269 2535 2207 2591; baseline 0 -17"><span class='ocrx_word' id='word_1_333' title='bbox 269 2535 342 2584; x_wconf 67' lang='lat'>(2⁸)</span> <span class='ocrx_word' id='word_1_334' title='bbox 377 2535 493 2584; x_wconf 78' lang='lat' dir='ltr'>Apud</span> <span class='ocrx_word' id='word_1_335' title='bbox 509 2536 719 2572; x_wconf 84' lang='lat' dir='ltr'>Brunck·</span> <span class='ocrx_word' id='word_1_336' title='bbox 741 2536 867 2575; x_wconf 72' lang='lat' dir='ltr'>Anall.</span> <span class='ocrx_word' id='word_1_337' title='bbox 885 2541 988 2578; x_wconf 86' lang='lat' dir='ltr'>Vett.</span> <span class='ocrx_word' id='word_1_338' title='bbox 1010 2543 1080 2579; x_wconf 78' lang='lat'>1³1³.</span> <span class='ocrx_word' id='word_1_339' title='bbox 1112 2541 1204 2578; x_wconf 87' lang='grc' dir='ltr'><strong>Τ.Ῑ.</strong></span> <span class='ocrx_word' id='word_1_340' title='bbox 1228 2554 1266 2591; x_wconf 82' lang='grc' dir='ltr'><strong>Ρ.</strong></span> <span class='ocrx_word' id='word_1_341' title='bbox 1280 2547 1359 2586; x_wconf 87' lang='grc'><strong>478.</strong></span> <span class='ocrx_word' id='word_1_342' title='bbox 1394 2540 1589 2578; x_wconf 68' lang='lat' dir='ltr'>illustrato</span> <span class='ocrx_word' id='word_1_343' title='bbox 1614 2539 1659 2575; x_wconf 89' lang='lat' dir='ltr'>in</span> <span class='ocrx_word' id='word_1_344' title='bbox 1683 2535 1906 2574; x_wconf 80' lang='lat' dir='ltr'>Reimari</span> <span class='ocrx_word' id='word_1_345' title='bbox 1929 2535 2090 2574; x_wconf 77' lang='lat' dir='ltr'>historia</span> <span class='ocrx_word' id='word_1_346' title='bbox 2115 2548 2207 2586; x_wconf 77' lang='lat' dir='ltr'>pro·</span> 
     </span>
     <span class='ocr_line' id='line_1_33' title="bbox 341 2596 1757 2657; baseline 0.011 -25"><span class='ocrx_word' id='word_1_347' title='bbox 341 2596 518 2634; x_wconf 74' lang='lat' dir='ltr'>blomatis</span> <span class='ocrx_word' id='word_1_348' title='bbox 536 2598 582 2635; x_wconf 79' lang='lat' dir='ltr'>do</span> <span class='ocrx_word' id='word_1_349' title='bbox 602 2598 687 2635; x_wconf 79' lang='lat' dir='ltr'>culn·</span> <span class='ocrx_word' id='word_1_350' title='bbox 706 2598 966 2647; x_wconf 75' lang='lat' dir='ltr'>duplicatione</span> <span class='ocrx_word' id='word_1_351' title='bbox 981 2613 1051 2642; x_wconf 74' lang='lat' dir='ltr'>otc.</span> <span class='ocrx_word' id='word_1_352' title='bbox 1089 2604 1266 2657; x_wconf 82' lang='lat' dir='ltr'>Gotting.</span> <span class='ocrx_word' id='word_1_353' title='bbox 1294 2609 1394 2652; x_wconf 80' lang='grc'><strong>1798.</strong></span> <span class='ocrx_word' id='word_1_354' title='bbox 1431 2608 1465 2646; x_wconf 84' lang='lat'>8·</span> <span class='ocrx_word' id='word_1_355' title='bbox 1501 2615 1543 2653; x_wconf 70' lang='grc' dir='ltr'><strong>Ρ.</strong></span> <span class='ocrx_word' id='word_1_356' title='bbox 1557 2603 1621 2647; x_wconf 75' lang='lat'>¹42</span> <span class='ocrx_word' id='word_1_357' title='bbox 1635 2618 1659 2629; x_wconf 82' lang='lat'>¹·</span> <span class='ocrx_word' id='word_1_358' title='bbox 1676 2608 1757 2647; x_wconf 84' lang='lat'>159·</span> 
     </span>
    </p>
   </div>
  </div>
 </body>
</html>
