2413 3022
215 101 249 148 6
763 138 766 141 .
1013 88 1408 138 -···<00>·—-

214 216 467 265 dedicatus
488 250 500 271 ,
546 229 782 279 perquam
817 229 932 260 sane
966 210 1300 259 memorabilis
1334 211 1556 269 videtur,
1607 228 1705 276 quo
1742 213 1895 278 magis
1940 223 2012 261 est
2042 212 2207 261 dolen·

216 301 366 355 dum,
421 300 619 362 periisse
656 300 852 361 signum
888 295 1086 341 Sironae
1117 295 1253 340 cuius
1291 294 1344 339 in
1382 295 1528 341 titulo
1570 295 1757 341 mentio
1802 293 1908 353 fit„
1940 296 2073 342 unde
2109 295 2208 342 for·

215 395 340 429 tasse
376 382 706 445 disquisitioni
732 390 925 425 nostrae
953 375 1072 421 lucis
1104 376 1412 437 aliquantum
1442 376 1669 424 accedere
1699 377 1952 439 potuisset.

383 470 488 512 Hae
527 474 643 509 sunt
684 472 895 525 quatuor
935 460 1047 505 illae
1086 458 1431 521 inscriptiones
1467 460 1520 506 in
1563 459 1743 523 qfiibus
1780 461 1983 508 Sironae
2019 476 2207 510 nomen

218 545 347 595 haud
384 545 532 593 dubie
572 543 797 592 occurrit.
900 541 1124 588 Vidimus
1166 557 1274 588 eam
1311 557 1567 605 nunqnam
1609 545 1870 590 memorari
1902 542 2079 598 solam,
2124 543 2208 590 sed

218 633 436 676 iunctam
466 644 660 690 semper
691 619 939 689 Apollini,
983 624 1069 686 qui
1099 622 1171 669 bis
1206 625 1390 669 Granni
1421 640 1697 689 cognomen
1728 626 1883 690 gerit:
1943 624 2207 688 ambosque

218 711 271 757 in
307 711 389 756 illa
420 710 774 771 inscriptione,
835 723 958 769 quae
991 709 1184 752 Brettae
1216 705 1269 751 in
1302 707 1637 753 Transilvania
1675 708 1795 763 fuit,
1845 713 1975 757 Deos
1994 726 2209 768 praesen-

214 806 280 841 tes
303 793 374 857 (⁷)
411 794 671 840 nominari.
757 790 891 853 Quid
920 787 1039 834 inde
1078 803 1190 833 cum
1222 786 1383 849 aliqua
1411 787 1755 850 probabilitate
1785 775 2012 855 colligere
2042 792 2206 846 lice-at,

215 877 330 923 alias
348 874 646 923 videbimus:
682 889 816 920 nunc
839 871 1052 935 quidem,
1085 880 1347 932 antequam
1365 871 1424 917 ad
1443 872 1534 917 alia
1556 883 1862 927 transeamus,
1891 874 2118 920 nonnihil
2138 874 2210 920 di-

219 957 431 1005 cendum
450 958 541 1004 etit
571 956 630 1002 de
656 954 833 1018 lapide,
867 956 1005 1000 cuius
1029 952 1240 998 formam
1262 968 1376 998 cum
1400 954 1677 1018 epigraphe,
1705 972 1730 1001 a
1751 959 2130 1002 Senomuuffio
2146 954 2209 1017 (⁸)

215 1042 432 1103 primum
453 1038 683 1094 exhibita,
710 1041 1031 1085 Onnnmnus
1064 1032 1147 1096 (⁹),
1187 1039 1609 1100 Argentoratensis
1628 1038 1910 1085 Academiae
1929 1039 2087 1093 decus,
2111 1040 2210 1085 aeri

213 1122 525 1171 incidendam
549 1121 749 1177 curavit,
772 1131 916 1183 atque
936 1119 996 1165 ad
1018 1117 1318 1181 Schoepflini
1335 1121 1627 1166 sententiam
1651 1121 1886 1167 illustrare
1908 1134 2106 1167 conatus
2124 1132 2207 1168 est.

212 1208 334 1262 Hic,
381 1218 438 1252 ut
463 1205 666 1269 reliqui,
715 1220 836 1269 quos
866 1203 1225 1257 recensuimus,
1265 1204 1388 1266 lapis
1418 1217 1488 1251 est
1507 1206 1722 1258 votivus,
1768 1206 1993 1251 inventus
2025 1206 2073 1250 in
2093 1204 2207 1251 fano

215 1289 561 1353 Lotharingiae
594 1290 639 1334 S.
671 1285 880 1333 Naboris
924 1289 993 1347 (S.
1020 1287 1208 1348 Avaud)
1253 1303 1383 1334 anno
1424 1303 1780 1341 c101occm,
1830 1287 2071 1350 habetque
2100 1303 2208 1333 ana-

215 1372 450 1436 glypham
482 1371 598 1417 deae
636 1373 933 1416 Dmnomz
976 1370 1195 1424 iconem,
1253 1386 1398 1432 quam
1444 1372 1586 1432 plane
1625 1371 1918 1436 singularem
1951 1371 2208 1418 Oberlinus

217 1453 357 1500 nobis
387 1454 455 1499 ita
486 1453 765 1514 descripsitt
813 1457 1050 1506 „Pectore
1079 1463 1220 1499 tenus
1252 1465 1667 1515 repraesentatur,
1715 1453 1884 1517 rigidis
1912 1455 2064 1500 comis
2083 1488 2095 1508 ,
2130 1471 2211 1501 su-

219 1553 305 1598 pra
339 1535 557 1582 frontem
603 1536 656 1580 in
692 1534 949 1580 cincinnos
987 1535 1344 1598 assurgentibus
1378 1536 1592 1598 indeque
1636 1536 1695 1581 ad
1734 1537 1926 1582 aurium
1956 1538 2208 1600 regionem

219 1635 375 1681 usque
403 1628 535 1664 recta
569 1613 913 1671 defluentibus,
959 1630 984 1661 a
1014 1614 1190 1678 quibus
1218 1616 1330 1662 dein
1360 1615 1418 1662 ad
1446 1615 1650 1678 apsidis,
1685 1616 1738 1662 in
1770 1633 1862 1678 qua
1889 1628 1990 1663 tota
2020 1617 2208 1682 effigies

217 1701 437 1755 sistitur,
505 1699 776 1763 marginem
813 1698 1125 1745 transversim
1165 1698 1476 1746 diducuntur.
1571 1700 1763 1745 Collum
1802 1702 2066 1762 pectusque
2106 1711 2208 1748 tota

214 1785 363 1831 vestis
394 1783 539 1848 tegit,
583 1782 651 1828 ita
685 1780 937 1833 adstricta,
983 1790 1040 1825 ut
1071 1782 1155 1826 vix
1187 1781 1340 1844 plicas
1374 1782 1495 1828 ullas
1524 1781 1688 1827 videre
1719 1782 1882 1835 liceat,
1929 1785 2204 1844 paenulam,

216 1878 348 1913 arcto
377 1867 548 1913 collari
581 1866 898 1917 instructam,
957 1865 1089 1911 haud
1124 1867 1250 1912 male
1280 1866 1493 1912 diceres'’
1529 1877 1579 1911 et
1609 1880 1732 1927 quae
1760 1876 2048 1927 sequuntur.
2129 1869 2207 1913 In-

217 1949 533 2010 scriptionem
568 1964 684 1993 vero
711 1947 845 1993 iconi
874 1947 1167 2005 subiectam,
1231 1947 1730 2010 insolentioribusque
1773 1945 2063 2015 quibusdam
2100 1947 2209 1994 lite-

214 2047 378 2078 rarum
411 2028 638 2078 ductibus
674 2027 917 2096 insignem
940 2066 953 2088 ,
1009 2032 1076 2078 ita
1115 2049 1204 2080 nos
1240 2034 1402 2100 legere
1443 2031 1581 2080 iubet
1615 2030 1904 2079 Oberlinust

274 2182 337 2233 (⁷)
365 2183 445 2221 Θιοὶ
476 2174 676 2233 vagas-airas
696 2210 709 2232 ‚
747 2183 919 2233 συτῗίςσς,
983 2201 1057 2225 usu
1088 2188 1275 2237 loquendi
1302 2186 1508 2224 tritissimo
1530 2214 1542 2234 ,
1583 2198 1625 2224 ut
1657 2200 1714 2236 ap.
1748 2187 1880 2225 Ovid
1922 2189 2023 2224 Fut.
2050 2189 2099 2227 V.
2124 2197 2203 2233 ¹35·

336 2252 413 2296 136·
480 2250 595 2285 Stant
618 2261 761 2297 quoquc
785 2261 857 2297 pro
886 2250 991 2285 nobis
1019 2260 1056 2285 et
1084 2258 1267 2298 praesunt
1301 2249 1492 2284 moenibus
1527 2249 1663 2283 Vrbis.-
1714 2249 1763 2283 Et
1793 2258 1881 2283 sunt
1918 2261 2207 2296 praesentes

335 2315 596 2359 auxiliumque
607 2313 765 2361 ferunt.
813 2316 865 2349 Et
889 2315 1070 2365 Virgil.
1099 2316 1238 2363 Georg.
1258 2317 1289 2352 1.
1314 2322 1370 2350 10.
1419 2313 1468 2349 Et
1485 2325 1552 2348 vos
1572 2336 1585 2356 ,
1609 2321 1799 2360 agrestum
1815 2313 2110 2359 praesentia
2136 2325 2206 2347 nu-

331 2379 457 2417 mina,
492 2377 637 2420 Fauni,
679 2385 749 2414 etc.

265 2455 324 2505 (⁸)
356 2454 500 2493 Alsatia
515 2453 702 2492 illustrata
734 2456 849 2492 To.l.
872 2460 1005 2506 p.588.
1161 2465 1179 2474 ²

263 2534 318 2581 (9)
344 2534 380 2571 J.
407 2533 460 2567 D.
488 2532 815 2580 Sclioepflini
839 2546 1011 2569 museum
1039 2533 1265 2580 lapidariam
1291 2548 1338 2571 ex
1357 2535 1580 2570 recensione
1620 2535 1714 2572 Jer.
1737 2533 1835 2571 Jac.
1862 2529 2101 2568 Oberlini
2119 2554 2133 2575 ,
2169 2544 2203 2567 c.

310 2598 376 2645 fig.
406 2598 476 2631 111.
503 2598 652 2635 Putes,
687 2598 846 2644 Argem.
872 2606 999 2640 ¹770-
1020 2606 1122 2641 1774.
1156 2608 1189 2641 4.
1225 2608 1336 2646 p.15.
1370 2598 1507 2638 Tab.1.
1532 2599 1644 2648 figa-
