2413 3022
1016 130 1410 177 ψ
2139 147 2199 194 ¹7

224 258 368 319 ipsius
390 252 641 321 fungerer.
746 258 886 302 Anno
924 262 1031 317 post
1066 255 1267 300 doctoris
1308 255 1358 300 in
1398 256 1554 316 Lyceo
1596 252 1919 300 Wetzlariensi
1965 268 1997 298 a
2033 263 2198 298 senatu

220 338 322 401 ejus
355 337 482 385 urbis
513 341 702 387 nomine
732 334 1021 402 Professoris
1048 332 1273 396 oblatum·
1293 352 1465 383 munus
1490 334 1601 384 obii.
1673 334 1837 404 Quod,
1883 331 1963 380 ubi
1989 349 2074 396 per
2105 344 2199 380 tres

219 434 370 486 annos·
396 430 441 465 et
475 420 727 465 dimidium
761 434 813 464 eo
843 414 1127 481 perfunctus
1163 433 1318 471 eram,
1372 416 1432 465 ob
1470 421 1696 471 rationes,
1744 431 1862 478 quas
1888 412 1963 460 hic
1997 429 2199 461 comme·

220 517 409 548 morare
434 502 634 565 longum
661 512 751 555 est,
795 516 877 546 nec
907 495 1082 563 refert,
1125 499 1371 557 abdicavi,
1414 516 1652 563 quumque
1684 499 2010 552 destinassem,
2065 500 2200 546 Juris

218 583 373 631 studio
408 598 484 629 me
509 581 745 634 addicere,
809 578 1026 646 Giessam
1060 584 1274 629 vicinam
1305 582 1414 630 abii.
1504 580 1578 629 Ibi
1609 581 1987 628 academicorum
2015 580 2198 626 civium

219 678 414 708 numero
448 664 598 708 denuo
624 664 888 727 adscriptus
912 662 1153 710 biennium
1179 680 1288 710 sum
1317 675 1551 718 moratus,
1596 662 1770 724 hocque
1799 661 1955 722 elapso
1981 660 2197 725 gradum

218 746 350 791 Iuris
382 745 638 806 Utriusque
660 748 883 792 Doctoris
910 760 1214 810 consequutus
1243 751 1291 794 in
1321 750 1532 810 patriam
1565 742 1726 790 urbem
1750 740 2027 787 revertebar.
2083 744 2197 787 Non

216 826 286 871 ita
315 825 466 873 multo
490 837 597 890 post
632 842 691 874 ex
731 828 913 875 decreto
941 828 1221 878 Scabinatus
1263 828 1549 894 amplissimi
1584 827 1632 871 in
1663 838 1911 869 numerum
1941 822 2198 868 advocato-

216 921 326 951 rum
360 909 714 955 ordinariorum
754 921 960 973 receptus
1002 922 1048 957 et
1084 913 1335 974 interjectis
1367 913 1525 958 decem
1565 906 1801 953 mensibus
1840 904 1969 950 urbis
2010 916 2197 951 nostrae

214 986 567 1035 Bibliothecarii
595 993 899 1051 provinciam
931 1005 1097 1040 nactus
1126 1012 1244 1041 sum.
1324 998 1569 1045 Postremo
1599 1007 1629 1035 a
1662 992 1837 1036 Senatu
1868 997 2054 1033 nostrae
2076 986 2195 1033 civi-

213 1070 325 1115 tatis
354 1069 729 1131 splendidissimo
762 1089 934 1120 munus
964 1077 1252 1124 Pr0rectoris
1285 1087 1330 1122 et
1354 1072 1645 1140 Professor-is
1679 1071 1931 1134 Gymnasii
1967 1068 2083 1115 mihi
2115 1070 2193 1116 de·

212 1152 496 1197 mandatum
526 1163 606 1199 est.
642 1179 712 1188 ——
785 1156 915 1201 IIuic
940 1157 1069 1203 vitae
1093 1160 1370 1220 expositioni
1397 1155 1640 1209 librorum,
1676 1154 1756 1216 qui
1789 1150 2021 1213 hucusque
2050 1168 2081 1197 a
2119 1166 2193 1197 me

211 1234 326 1280 editi
361 1245 470 1301 sunt
491 1267 505 1290 ,
572 1235 773 1282 indicem
812 1235 1002 1299 adjicio.
1102 1241 1314 1287 Nomina
1353 1254 1516 1287 eorum
1551 1247 1659 1283 sunt
1676 1268 1689 1290 ,
1744 1249 1868 1298 quae
1901 1245 2188 1297 sequuntur.-

216 1318 264 1374 1)
310 1314 634 1373 Antihermes‚
694 1319 806 1365 oder
840 1318 1210 1383 philosophische
1248 1320 1614 1385 Untersuchung
1645 1316 1759 1362 iiber
1791 1317 1880 1362 den
1918 1318 2075 1361 reineri
2103 1318 2191 1361 Be-

208 1393 360 1460 griff
377 1398 461 1442 der
497 1398 831 1447 menschlichen
859 1402 1063 1464 Sprache
1096 1406 1196 1449 und
1224 1406 1300 1450 die
1325 1404 1605 1468 allgemeine
1633 1397 1950 1461 Sprachlehrc.
2010 1396 2190 1446 Frank·

201 1476 318 1542 furt
347 1479 447 1524 und
476 1482 672 1546 Leipzig
715 1485 850 1542 1795·
890 1486 935 1530 8.
970 1507 1037 1521 —-
1127 1487 1190 1544 ε)
1242 1483 1394 1534 Ueber
1422 1485 1499 1530 die
1530 1480 1760 1545 bisherige
1799 1477 2187 1543 Unmb’glicbkeit

211 1562 337 1605 einer
365 1560 664 1623 Philo-sophie
692 1565 772 1608 des
809 1566 992 1618 Bildes,
1036 1566 1119 1609 der
1147 1565 1312 1610 Musik
1337 1567 1437 1609 und
1462 1562 1677 1625 Sprache.
1746 1562 2007 1624 Gottingen
2040 1562 2182 1621 1796.

213 1644 257 1687 3.
295 1663 362 1673 —-
430 1642 484 1699 3)
517 1640 833 1689 Bruchstacke
855 1661 942 1691 aus
968 1646 1051 1690 cler
1075 1645 1388 1709 allgemeinen
1421 1644 1615 1693 Theorie
1635 1644 1714 1688 des
1743 1640 2059 1691 Unterrichtes
2086 1643 2187 1686 und

211 1722 294 1768 der
327 1718 582 1767 besondern
612 1723 690 1768 des
725 1724 1197 1786 ‹Sprachunterrichts-
1268 1728 1473 1774 PVetzlar
1511 1713 1647 1789 1799.
1687 1728 1731 1771 8.
1764 1751 1835 1761 —
1927 1724 1994 1784 4)
2030 1727 2185 1787 Syste-

207 1801 431 1850 matische
454 1802 664 1850 deutsche
684 1805 987 1868 Spracltlehre
998 1806 1100 1873 fiir
1121 1807 1333 1856 Schulen·
1392 1805 1579 1872 Giessen
1614 1824 1751 1870 ¹799·
1789 1810 1834 1855 8.
1866 1827 1933 1840 -
2000 1807 2059 1869 5)
2079 1808 2180 1854 An·

197 1883 548 1951 sangsgrz'inde
586 1887 668 1933 der
712 1887 955 1936 deutschen
988 1889 1314 1952 Sprachlehre,
1371 1890 1651 1957 vorzi‘iglich
1689 1907 1799 1936 zum
1834 1888 2102 1937 Gebrauche
2127 1893 2179 1937 in

206 1968 405 2019 Schulen
435 1966 707 2034 entworfen.
781 1968 969 2037 Giessen
1001 1977 1139 2021 1801.
1179 1978 1225 2022 8.
1260 2000 1326 2013 -
1393 1977 1446 2037 6)
1479 1971 1904 2039 Anfangsgru‘nde
1937 1972 2020 2018 der
2048 1973 2179 2018 deut-

206 2048 345 2098 schen
385 2048 744 2115 orthographie.
818 2050 1010 2117 Giessen
1042 2058 1181 2107 1803.
1219 2059 1265 2106 8.
1308 2077 1373 2089 —-·
1466 2058 1525 2118 7)
1572 2057 1852 2102 Dissertatio
1884 2055 2176 2118 inauguralis

197 2132 411 2194 juridica
445 2133 699 2179 nonnullas
724 2132 1067 2184 observationes
1093 2141 1143 2185 in
1171 2141 1364 2185 titulum
1397 2139 1484 2185 V1.
1521 2138 1631 2183 libri
1658 2140 1815 2184 XXII.
1858 2139 2176 2202 Digestorum

206 2213 267 2260 de
284 2213 414 2274 juris
447 2222 492 2258 et
508 2209 643 2276 facti
670 2216 939 2280 ignorantia
973 2218 1201 2271 exhibens.
1265 2218 1453 2288 Giessae
1490 2225 1631 2281 1804.
1663 2231 1711 2280 4.

370 2427 740 2477 chxmssmss
775 2443 918 2482 vero,
962 2431 1045 2477 cui
1079 2447 1197 2479 mox
1226 2446 1495 2482 accuratam
1531 2444 1582 2481 et
1620 2449 1682 2480 ex
1713 2434 1936 2499 fontibus
1969 2438 2172 2500 petitam

205 2507 500 2570 reipublicae
538 2509 949 2559 Francofurtensis
983 2513 1235 2564 historiam
1272 2515 1577 2572 debebimuS,
1638 2518 1766 2565 vitae
1807 2535 1919 2566 suae
1962 2521 2172 2568 rationes

206 2592 337 2638 hunc
369 2591 423 2639 in
455 2591 659 2641 modum
691 2606 902 2643 enarrat:

1547 2686 1576 2729 3
