2413 3022
235 101 296 141 ιο
1033 85 1429 134 ·-·<00>--·

232 210 479 257 Achaeum
527 211 786 273 Tragieum
808 192 855 263 ,J
885 207 1136 271 Euripidis
1174 209 1425 271 aequalem
1444 242 1461 263 ,
1512 210 1765 259 neminem
1810 211 1946 262 D‘ea'e
1996 211 2221 262 tribuiss‘e

231 292 409 340 scimus
465 292 615 352 (nam
654 290 785 354 apud
816 293 1102 340 Pausaniam
1134 287 1341 359 Σαρωνία
1373 289 1527 358 sesti,
1574 290 1764 359 Σαρωνῖς
1807 295 1995 342 Dianae
2037 310 2220 342 nomen

231 376 353 436 est),
399 374 486 437 qui
515 375 619 437 ipse
650 388 751 420 non
782 373 878 421 nisi
904 374 954 420 in
988 375 1195 429 Theseo,
1239 374 1473 428 dramate,
1514 375 1647 439 quod
1678 376 1841 430 aiunt,
1883 377 2042 433 locali,
2091 375 2220 423 illud

231 455 477 512 adhibuit,
523 467 634 518 post
661 456 814 503 multa
848 457 1010 513 secula
1041 456 1285 521 lapidibus
1316 458 1496 505 votivis
1527 462 1710 507 Romae
1732 492 1744 515 ,
1806 460 1857 505 in
1894 459 2041 505 Dacia
2076 469 2126 504 et
2158 456 2220 504 ad

229 541 458 587 Rhenum
494 539 712 591 ,incisum
733 573 748 592 ,
817 551 1020 602 repente
1066 556 1092 587 a
1140 541 1374 587 Romanis
1426 551 1659 604 tanquam
1711 541 1968 605 proprium
2032 539 2221 585 Dianae

229 629 412 670 nomen
455 623 603 669 fuisse
639 635 955 684 usurpatum,
1018 624 1152 685 quasi
1189 638 1305 669 vero
1343 622 1652 670 usitatissima
1692 624 1842 671 fuerit
1878 625 1961 669 illa
1998 620 2220 667 numinis

228 701 526 768 appellatio?
573 707 828 761 Ceterum,
874 715 930 751 ut
963 705 1057 751 hoc
1093 704 1274 751 iterum
1311 708 1743 760 moneam,'Dea,
1791 705 1849 753 de
1882 721 1974 769 qua
2007 705 2088 751 hic
2124 701 2221 766 agi-

227 802 361 841 mus,
407 787 935 849 nusquamSironia,
987 788 1145 833 multo
1182 788 1347 834 minus
1372 788 1622 835 Saronia
1657 786 1814 842 audit,
1861 787 1945 834 sed
1976 787 2221 839 Sirona;

228 879 279 915 et
305 869 548 922 Struvius,
586 868 697 914 falsa
720 870 937 915 nominis
967 871 1206 932 scriptura
1238 870 1370 933 apud
1395 873 1659 917 Gruterum
1690 870 1942 932 deceptus,
1980 877 2222 930 permuta-

228 950 416 995 tionem
445 951 687 996 vocalium
726 956 765 997 A
797 964 847 998 et
877 956 902 998 I
938 968 997 999 eo
1041 953 1246 1000 facilius
1271 954 1625 1000 admittendam
1660 969 1758 999 esse
1797 950 2016 1003 censuit,
2072 938 2219 1011 quod,

228 1045 381 1092 quum
420 1030 472 1076 in
512 1030 753 1093 lapidibus
790 1034 1003 1096 antiquis
1040 1035 1216 1095 Sirona
1252 1036 1493 1097 Apollinis
1524 1045 1758 1097 perpetua
1794 1033 1857 1080 sit
1887 1048 2076 1084 comes,
2159 1029 2222 1097 de

229 1108 522 1178 cognatione
542 1113 750 1176 quadam
772 1115 1027 1161 amborum
1051 1110 1317 1162 numinum*
1330 1118 1543 1181 cogitare
1563 1115 1828 1162 admodum
1851 1115 2063 1177 proclive
2079 1123 2219 1160 esset.

395 1198 615 1241 Fuerunt
660 1209 774 1259 post
816 1199 1093 1251 Struvium,
1150 1200 1235 1262 qui
1272 1211 1320 1246 et
1359 1200 1453 1262 ipsi
1502 1200 1725 1245 Sironem
1762 1213 1875 1242 cum
1911 1196 2068 1243 Diana
2107 1211 2221 1242 con-

231 1275 522 1331 funderent,
573 1279 678 1326 aliis
706 1290 874 1328 tamen
903 1279 1101 1329 subnixi
1132 1280 1425 1330 rationibus:
1472 1279 1657 1345 quibus
1676 1279 1902 1344 equidem
1936 1295 2035 1328 non
2065 1278 2220 1345 magis

231 1357 515 1421 adstipulari
543 1375 757 1423 possum.
828 1367 901 1410 Ex
925 1355 999 1412 his
1025 1365 1188 1428 primo
1217 1366 1328 1414 loco
1351 1361 1809 1414 commemorandus
1838 1372 1910 1408 est
1942 1364 2029 1414 Jo·
2052 1363 2218 1424 Casp.

230 1443 665 1491 Haczisaeucmus
699 1442 838 1507 (¹⁸),
900 1446 1206 1496 doctissimus
1244 1450 1328 1496 ille
1367 1460 1416 1495 et
1446 1447 1750 1493 acutissimus
1779 1444 2088 1505 epistolarum
2127 1442 2222 1503 epi-

233 1524 577 1588 graphicarum
608 1537 794 1580 auctor,
837 1530 931 1588 qui·
948 1527 1185 1575 fluctuans
1217 1530 1348 1574 inter
1374 1514 1527 1573 vatins
1558 1526 1879 1588 etymologias
1909 1540 1970 1569 ex
1999 1524 2221 1569 Orienta-

230 1605 361 1654 lium
389 1607 569 1669 linguis
613 1607 821 1667 petitaS,
879 1608 1101 1655 Sironam
1145 1608 1325 1655 dictam
1367 1607 1514 1654 fuisse
1537 1602 1875 1666 'suspicabatur
1913 1614 1995 1648 aut
2038 1601 2096 1648 ab
2137 1603 2220 1650 he·

230 1685 397 1735 braico
428 1695 528 1743 Ἧκ
558 1687 705 1745 luxit,
756 1699 839 1736 aut
876 1705 902 1737 a
933 1702 1066 1747 Ἶῃῡ,
1109 1690 1339 1740 rotundus
1375 1688 1495 1744 fuit,
1543 1686 1643 1734 nisi
1687 1684 1793 1748 quis
1827 1685 1990 1747 potius
2029 1681 2218 1731 chalda·

228 1772 360 1816 icum
391 1778 568 1824 κἾΠῦ,
622 1770 754 1833 quod
784 1771 951 1818 lunam
983 1771 1246 1838 significet,
1297 1773 1349 1818 in
1381 1769 1650 1818 subsidium
1684 1783 1857 1814 vocare
1893 1768 2082 1815 mallet:
2138 1782 2218 1814 co-

229 1854 411 1918 gitabat
450 1871 670 1916 quoque,
728 1866 785 1901 ut
819 1854 1014 1902 tandem
1058 1853 1349 1902 haberemus
1386 1839 1521 1916 quod
1560 1863 1879 1899 statueremus
1922 1849 1982 1896 de
2017 1850 2216 1903 Sirone,

231 1933 291 1981 de
317 1933 558 1982 vocabulo
592 1947 711 1992 ἾἿΨ,
758 1936 1021 1992 cantilena,
1071 1953 1216 2000 quam
1242 1934 1443 2000 quidem
1463 1933 1826 1982 derivationem
1859 1948 1950 1997 ego
1984 1947 2083 1979 non
2107 1924 2222 1979 satis-

230 2004 467 2083 intelligo.
551 2018 645 2065 Sed
681 2019 798 2081 quid
833 2019 884 2064 in
916 2018 992 2065 his
1021 2018 1205 2064 diutius
1246 2016 1459 2064 motor?
1506 2017 1636 2063 Illud
1663 2014 1821 2067 enim,
1870 2029 1949 2059 me
1981 2028 2082 2058 non
2113 2027 2218 2059 mo-

229 2113 405 2154 nente,
446 2102 782 2164 unusquisque
811 2100 973 2154 videt,
1017 2104 1224 2163 Hagen
1240 2098 1566 2151 buchium,
1610 2097 1965 2162 sagacissimum
1999 2098 2114 2143 licet
2141 2098 2216 2143 in-

230 2182 554 2244 scriptionum
585 2183 937 2245 interpretem,
980 2180 1221 2243 sibiipsi,
1265 2180 1398 2244 quod
1434 2181 1493 2227 ad
1518 2180 1741 2227 Sironam
1778 2178 1990 2233 adtinet,
2042 2195 2215 2241 parum

234 2264 527 2311 satisfecisse.
597 2268 676 2312 De
695 2265 812 2320 alia,
852 2280 1000 2329 quam
1025 2263 1157 2311 idem
1186 2263 1414 2318 tentavit,
1460 2264 1671 2319 ratione,
1714 2262 2063 2326 posteadicam
2085 2280 2216 2311 com·

235 2345 457 2392 mediore
492 2347 616 2393 loco.

278 2524 352 2569 (1⁸)
386 2525 433 2559 In
458 2522 617 2572 epistola
640 2525 776 2573 script·
798 2526 843 2563 ad
865 2526 1071 2577 Lemnium
1103 2539 1139 2563 a.-
1165 2526 1483 2564 eloloccnv.
1521 2525 1606 2563 vid.
1635 2526 1817 2563 Museum
1850 2522 2216 2575 Schoepfliui,

345 2596 422 2622 rec*
445 2586 482 2625 J.
505 2587 540 2627 J.
569 2585 807 2633 Oberlin,
843 2590 875 2627 1.
898 2589 1153 2639 Lapidei-ium
1194 2602 1230 2640 p·
1256 2598 1308 2635 17.
