2413 3022
217 151 276 188 12
1015 138 1417 187 w--<00›-———·

387 261 550 322 Quum
586 261 902 316 Struvius,
950 257 1459 324 Hagenbuchius‚
1507 262 1976 326 Schoepflinus‚
2025 264 2204 328 aliique

220 345 271 389 in
300 344 592 404 explicando
624 346 826 390 nomine
850 346 1009 407 ignoti
1041 343 1196 387 nostri
1230 346 1451 389 numinis
1483 347 1533 390 in
1561 362 1620 392 eo
1652 348 1819 391 saltem
1852 350 2206 401 convenissent,

223 437 282 472 ut
318 441 423 472 earn
453 443 542 487 pro
571 443 738 474 sorore
775 425 1041 490 Apollinis,
1085 425 1244 471 Diana
1269 426 1372 473 sive
1406 431 1581 480 Luna,
1626 427 1880 482 haberent,
1916 429 2212 474 exstiterunt

225 526 336 557 ecce
372 508 470 557 duo
507 509 643 566 Itali,
688 509 782 556 viri
821 526 935 557 sane
964 506 1263 562 doctissimi,
1316 507 1478 570 quiin
1515 511 1608 558 alia
1639 512 1804 558 omnia
1839 509 2095 562 abeuntes,
2142 509 2212 557 Si·

226 608 398 639 ronam
435 593 744 654 pistrinorum
775 593 973 638 tutelam
1001 590 1150 636 fuisse
1186 591 1555 639 contenderent.
1649 598 1781 657 Quae
1814 594 2012 658 quidem
2048 595 2214 659 singu-

226 677 338 722 laris
373 677 515 737 plane
552 676 793 722 sententia
834 675 958 720 mihi
991 673 1208 735 primum
1243 673 1464 720 innotuit
1504 691 1566 721 ex
1608 691 1757 738 opere
1798 678 1884 723 illo
1927 675 2216 723 eruditie'mis

226 769 412 809 vastae,
458 774 708 820 vanaeque
753 756 1029 808 interdum,
1076 755 1390 815 plenissimo,
1445 758 1579 818 quod
1610 759 2128 806 instar·commentarii
2162 761 2215 805 in

226 840 481 885 vasculum
523 840 769 901 quoddam
811 841 939 886 inter
981 837 1144 884 ruinas
1191 841 1576 887 Herculanenses
1623 853 1907 903 repertum,
1972 854 2083 888 ante
2128 844 2216 889 hos

234 923 587 986 quinquaginta
629 939 781 969 annos
825 924 875 969 in
922 923 1082 968 lucem
1125 921 1287 967 emisi-t
1327 925 1557 973 Jlaconus
1604 926 2039 970 MAn‘ronszus
2085 922 2216 986 (²²).

230 1007 381 1049 Hunc
416 1007 576 1050 Gonu
614 1006 856 1066 quandam
915 1005 1301 1050 dissertationem
1325 1039 1338 1060 ,
1402 1021 1496 1068 qua
1538 1007 1578 1051 is
1617 1023 1800 1052 numen
1841 1006 2038 1068 aliquod
2081 1007 2220 1069 igno-

231 1097 355 1138 tum,
390 1087 711 1147 pistrinorum
733 1089 951 1146 tutelam,
1005 1089 1084 1133 cui
1107 1084 1280 1141 εὔνόςου
1306 1090 1580 1135 femineum
1607 1089 1757 1135 fuerit
1776 1104 2064 1152 cognomen,
2104 1103 2218 1134 cum

232 1171 382 1215 hero'e'
416 1168 616 1233 Εόνόςῳ,
663 1169 905 1216 caelibum
943 1170 1138 1215 tutelari
1170 1170 1285 1226 deo,
1332 1171 1641 1225 confuderit,
1697 1171 1832 1216 cuius
1868 1171 2026 1215 cultus
2067 1185 2093 1215 e
2126 1172 2219 1217 Ta-

231 1269 377 1317 nagra
404 1254 632 1300 Boeotiae
659 1253 922 1315 Neapolim
950 1252 1100 1299 fuerit
1134 1255 1417 1309 translatus,
1453 1254 1625 1300 acriter
1645 1254 2034 1316 impugnantem,
2072 1263 2218 1314 atque

237 1337 386 1380 Gorio
418 1335 655 1386 refutato,
705 1336 825 1381 haec
863 1335 1178 1381 adiicientem
1209 1336 1434 1382 videbam
1469 1333 1597 1395 C²³)2
1649 1337 1912 1390 „Ceterum
1940 1333 2059 1396 quid
2085 1334 2138 1379 in
2165 1350 2218 1380 re

351 1482 514 1517 Lunam.
570 1485 672 1530 Quae
696 1483 731 1519 si
756 1495 834 1519 non
852 1483 1061 1532 placuerit,
1096 1497 1186 1535 age,
1217 1494 1385 1533 petamus
1405 1485 1551 1521 radices
1572 1496 1621 1520 ex
1645 1483 1822 1521 Oriente.
1880 1481 1992 1530 Apud
2009 1480 2219 1518 Chaldaeos

351 1547 460 1588 &50
489 1545 703 1596 siguificare
727 1545 833 1581 aiunt
851 1544 1030 1592 foetere,
1073 1557 1110 1581 et
1132 1545 1325 1593 foetorem
1360 1546 1558 1582 rabbinice
1582 1545 1764 1595 appellari
1797 1544 2003 1581 simillimo
2030 1542 2220 1580 vocabulo

373 1611 524 1650 ἹΠἻῸ,
565 1607 754 1644 δὶι·1ι1ιόη,·
792 1609 857 1642 cui
880 1609 1035 1653 quidem
1062 1608 1233 1642 nominis
1259 1607 1512 1654 originationi
1532 1619 1611 1641 non
1628 1619 1784 1653 parum,
1817 1606 1928 1640 credo
1943 1629 1955 1647 ,
1986 1605 2153 1648 favebis,
2186 1607 2223 1641 ei

353 1612 453 1704 ione
473 1667 588 1703 fando
610 1667 799 1711 audieris,
830 1669 976 1704 fontem
1003 1667 1372 1717 Oppenhemiensem
1394 1668 1469 1703 iam
1489 1677 1637 1716 patrum
1663 1667 1847 1703 memoria
1865 1666 1910 1704 ab
1931 1666 2073 1703 incolis
2100 1667 2221 1720 vulgo

341 1728 537 1776 foetidum
562 1729 885 1774 (Stinkbrunnen)
906 1731 1028 1765 fuisse
1047 1732 1288 1765 nominatum
1313 1731 1362 1765 ob
1380 1731 1561 1770 odorem,
1606 1742 1717 1776 quem
1743 1728 1909 1777 spargit,
1951 1728 2220 1776 sulphureum.

349 1793 407 1827 Ita
426 1790 600 1827 Sironam
620 1800 786 1826 nostram
808 1791 915 1827 vides
934 1792 1053 1829 fuisse
1071 1793 1216 1830 nullam
1234 1793 1345 1829 aliam
1367 1805 1478 1840 quam
1500 1791 1761 1839 Mephitin:
1780 1791 1899 1825 Deam
1917 1790 1963 1825 de
1980 1802 2050 1837 qua
2067 1791 2221 1827 Servius

350 1854 396 1889 ad
427 1852 572 1903 Virgil·
593 1854 679 1890 VII.
716 1856 810 1889 Aen·
833 1858 890 1898 84.
931 1866 1112 1903 perquam
1145 1865 1381 1904 opportune:
1437 1854 1655 1900 Mephitis,
1706 1851 1757 1888 ait
1772 1875 1785 1895 ‚
1823 1854 1978 1898 proprie
2008 1860 2063 1886 est
2096 1860 2223 1887 terrae

353 1925 468 1963 putor
481 1938 495 1957 ,
520 1917 583 1962 qui
602 1915 646 1950 de
668 1917 775 1962 aquis
794 1918 961 1952 nascitur
977 1917 1235 1964 sulphuraeis,
1270 1916 1371 1952 unde
1390 1916 1569 1964 Heyuius
1589 1915 1750 1953 omnino
1780 1928 1889 1963 aquas
1918 1914 2155 1962 sulphuratae
2178 1915 2223 1952 in

356 1977 549 2025 Mephitis
569 1977 685 2011 tutela
703 1977 826 2013 fuisse
848 1980 1074 2028 suspicatur.
1137 1980 1209 2016 Sed
1231 1979 1347 2015 video
1365 1988 1424 2019 te,
1459 1978 1528 2026 qui
1547 1977 1639 2013 haec
1655 1977 1776 2028 legia,
1808 1976 2106 2024 putidiusculam
2127 1977 2225 2014 hano

352 2039 527 2075 nominis
541 2039 892 2086 interpretationem
908 2053 1144 2083 aversatum,
1171 2042 1281 2077 aliam
1301 2053 1496 2088 quaerere:
1534 2053 1581 2075 en
1599 2040 1673 2075 tibi
1691 2040 1814 2087 igitur
1832 2039 1997 2074 radicem
2017 2054 2062 2075 ex
2079 2042 2223 2084 Africa,

354 2110 644 2149 portentorum,
680 2111 721 2136 ut
741 2102 865 2145 nosti,
897 2103 1040 2147 feraci,
1076 2117 1168 2154 quae
1190 2104 1363 2140 Sironam
1393 2101 1469 2139 tibi
1489 2111 1646 2148 repente
1672 2101 1781 2138 sistet
1806 2099 2050 2148 salutiferam
2079 2103 2225 2150 Deam,

354 2163 525 2197 Dianam
545 2164 725 2197 medicam
738 2187 750 2206 ,
783 2164 889 2200 illam
908 2168 1053 2215 ipsam,
1088 2168 1132 2203 de
1154 2180 1225 2214 qua
1243 2167 1332 2203 satis
1353 2164 1475 2200 multa
1495 2162 1654 2213 collegit
1686 2164 1721 2200 J.
1738 2163 1783 2199 C.
1803 2161 2032 2199 Wolfiu·
2056 2164 2099 2199 in
2119 2166 2226 2201 Cata-

355 2226 447 2276 logo
474 2227 704 2261 feminarum
727 2225 823 2261 olim
848 2227 1063 2265 illustrium
1093 2241 1133 2276 p.
1151 2228 1230 2272 326.
1297 2226 1374 2262 Adi
1403 2226 1521 2260 modo
1545 2223 1704 2261 Castelli
1734 2225 1911 2260 Lexicon
1938 2225 2225 2275 heptaglotton,

356 2287 584 2335 videbisque
609 2288 708 2335 apud
728 2288 934 2337 Aethiopas
964 2293 987 2327 S
997 2293 1030 2327 A
1041 2294 1074 2327 R
1084 2292 1117 2325 A
1127 2292 1144 2325 1
1153 2291 1188 2328 V
1214 2300 1295 2325 ene
1312 2299 1451 2322 sanare
1461 2312 1474 2332 ,
1490 2296 1497 2302 ·
1508 2296 1544 2322 et
1564 2289 1590 2323 S
1600 2288 1627 2323 Y
1637 2288 1672 2322 R.
1681 2289 1716 2325 A
1726 2288 1781 2324 1Y
1805 2287 1939 2324 vocari
1962 2288 2165 2324 medicum!
2179 2308 2225 2318 —

361 2350 434 2385 Sed
458 2350 549 2386 ohe!
586 2350 663 2385 iam
686 2351 775 2386 satis
794 2360 864 2387 est.

293 2427 366 2472 (ἑὲ)
401 2429 462 2462 De
478 2432 578 2476 regia
596 2432 699 2468 theca
715 2433 911 2468 calamaria
930 2433 1012 2469 sive
1034 2422 1284 2474 2⁶¹³⁶⁸¹⁰3¹⁰x⁸f9
1305 2433 1459 2478 eiu⁸qu⁶
1482 2433 1730 2476 ornamenti&
1756 2432 1923 2479 NMPOIi
1941 2434 2040 2476 1756.
2060 2436 2105 2470 ῙῙ·
2121 2434 2227 2472 Von-

358 2498 396 2536 4.
430 2502 543 2538 quem
564 2490 722 2539 librum,
754 2495 966 2533 rarioribus
997 2494 1345 2536 adnumerandum,
1383 2494 1485 2539 (vid.
1505 2494 1640 2532 Saxii
1668 2493 1867 2531 onomast.
1893 2493 2077 2532 V01.V11.
2100 2505 2224 2543 p.193.

364 2556 444 2600 sq.)
478 2566 626 2589 mecum
647 2558 946 2596 communicavit
969 2559 1176 2595 neuteri
1187 2581 1203 2603 ‚
1242 2558 1419 2607 Principi
1436 2558 1597 2594 l’rimati
1612 2569 1632 2592 a
1650 2554 1790 2596 concil.
1806 2555 1973 2598 intimis,
1997 2555 2225 2595 humanitem

298 2630 371 2678 (²³)
400 2631 492 2671 Vol.
506 2635 559 2672 11.
597 2646 637 2680 p.
653 2635 735 2676 668.
