2413 3022
231 114 293 163 18
1027 116 1419 163 --<«>>---

394 234 551 279 Natus
579 245 686 279 sum
721 235 926 281 Traiecti
957 237 1023 282 ad
1052 241 1286 286 Moenum
1315 251 1427 287 ante
1458 241 1772 306 viginti-octo
1804 258 1955 297 annos
1982 262 2013 293 a
2043 261 2211 310 paren·

230 312 354 362 tibus
380 312 598 368 honestis,
634 326 678 362 et
706 333 829 362 nunc
854 319 1004 365 vitam
1031 318 1314 384 gerentibus,
1345 321 1511 384 quibus
1532 320 1708 387 fausta
1736 328 1932 387 quaevis
1962 343 2021 373 ex
2048 330 2212 375 animo

227 411 408 459 precor.
478 398 643 441 Prima
659 398 918 459 juventute
949 400 1017 445 ad
1049 403 1321 449 mercatoris
1352 406 1541 468 negotia
1575 404 1875 471 designabar.
1946 409 2133 454 Deinde
2155 424 2213 455 ex

231 482 457 527 sententia
482 480 742 526 doctissimi
762 483 971 529 Rectoris
993 485 1029 527 P
1043 499 1171 529 urm
1186 484 1328 530 anni
1356 483 1499 531 libera
1522 487 1642 531 inter
1660 490 1790 534 vitae
1805 504 1978 553 genera
2008 489 2214 553 eligendi

230 571 434 623 potestas
465 562 581 608 data
614 573 679 608 est
705 579 865 624 puero.
935 566 1090 611 Haud
1116 582 1230 613 sane
1257 568 1339 612 diu
1374 583 1542 629 anceps
1577 572 1706 631 optio
1738 577 1953 616 animum
1985 570 2215 633 puerilem

222 643 336 706 jam
367 654 477 689 tunc
506 645 572 690 acl
603 648 865 692 Musarum
887 663 1129 695 summam
1163 653 1498 698 amoenitatem
1534 667 1820 711 propensum
1851 651 2110 715 torquebat.
2147 673 2215 695 --·.

230 727 289 770 1η
318 742 446 772 novo
479 728 629 790 igitur
660 730 852 775 tramite
878 745 986 776 cum
1014 748 1160 794 usque
1185 734 1250 778 acl
1288 734 1523 779 decimum
1554 737 1802 794 septimum
1840 751 2019 779 annum
2052 750 2214 796 proce-1

229 809 411 864 derem,
465 808 666 856 imbutus
701 826 806 857 sum
843 813 891 857 in
928 814 1196 875 Gymnasio
1220 809 1392 876 primis
1422 815 1655 863 solidioris
1689 815 1929 862 doctrinae
1958 815 2208 862 elementis.

237 892 364 938 Usus
403 906 509 935 sum
550 892 742 937 eruditis
775 894 919 939 simul
960 905 1103 957 atque
1139 894 1490 943 humanissimis
1524 894 1923 959 praeceptoribus,
1979 911 2005 942 e
2042 894 2211 958 quibus

229 969 421 1019 lionoris
459 988 622 1019 caussa
659 976 853 1022 nomino
888 971 1359 1033 Raxfibachium,
1420 982 1669 1042 Gymnasii
1705 982 2033 1025 Conrectorem
2061 994 2211 1039 quon-

227 1053 345 1100 dam
365 1056 735 1110 meritissimum,
772 1055 815 1103 b.
834 1058 1215 1115 Scherbium,
1251 1061 1424 1122 quond.
1444 1064 1631 1124 Gymn.
1659 1063 1991 1114 Pr0rectorem,
2026 1060 2214 1107 Schil-

227 1138 435 1193 lerum,
467 1141 557 1185 ΠΙ.
571 1139 747 1186 Classis
769 1141 1021 1207 Collegam
1040 1143 1301 1195 emeritum,
1335 1139 1378 1188 b.
1397 1145 1514 1205 Pop
1528 1144 1706 1204 pium,
1724 1145 1826 1190 JV.
1841 1141 1910 1188 Cl.
1936 1142 2051 1188 dum
2070 1143 2215 1189 vivus

229 1230 341 1266 esset
364 1220 613 1285 collegam,
659 1225 693 1268 F
705 1225 952 1270 reseniu
970 1241 1044 1279 m,
1088 1226 1152 1272 D.
1183 1229 1564 1279 Roemerum,
1618 1226 1747 1271 viros
1777 1225 2065 1270 doctissimos
2098 1228 2213 1284 quos

229 1315 354 1347 nunc
401 1313 453 1347 ut
499 1302 708 1367 collegas
748 1302 1110 1355 humanissimos
1148 1323 1206 1352 ex
1241 1308 1404 1369 animo
1450 1322 1680 1357 veneror5
1738 1305 1931 1350 tandem
1983 1303 2214 1350 Carolum

231 1386 442 1446 Carey,
487 1395 627 1449 gente
656 1387 966 1443 Britannum,
996 1405 1120 1436 nunc
1147 1390 1196 1435 in
1229 1388 1392 1436 Gallia
1420 1397 1699 1452 vagantem·
1769 1389 1923 1434 Nemo
1957 1396 2114 1432 autem
2148 1395 2214 1432 est

231 1468 306 1512 cui
352 1482 425 1513 me
457 1468 617 1532 magis
653 1467 937 1515 devinctum⁴
961 1484 1057 1516 esse
1085 1472 1262 1524 sentio,
1321 1487 1465 1534 quam
1501 1470 1722 1533 plurimis
1755 1470 1907 1517 titulis
1940 1468 2056 1516 mihi
2093 1486 2212 1516 nun-

229 1565 380 1610 quam
401 1552 513 1592 satis
540 1551 837 1593 venerandus
870 1554 1195 1601 Pul-mann,
1238 1553 1319 1610 qui
1345 1566 1457 1594 sane
1476 1553 1627 1607 patris
1647 1553 1796 1593 instar
1819 1549 2062 1612 rriiltisuit.
2124 1551 2214 1595 Nil

222 1629 337 1690 jam
379 1630 426 1674 in
466 1630 590 1675 votis
632 1640 698 1674 cst
733 1645 881 1689 quam
918 1640 969 1675 ut
1003 1631 1165 1685 viam,
1222 1646 1368 1692 quam
1406 1628 1531 1674 ithus
1561 1629 1798 1693 ingressus
1827 1644 1933 1676 sum
1969 1632 2211 1692 auspiciis,

230 1711 393 1758 eodem
427 1710 570 1757 modo
609 1711 805 1756 emetiar
845 1711 915 1756 uti
950 1710 1038 1756 ille.

396 1824 521 1880 Cum
550 1831 664 1893 jam
703 1842 887 1892 tempus
919 1831 1325 1894 adpropinquaret
1361 1827 1443 1877 ubi
1479 1846 1537 1878 ex
1569 1831 1729 1893 patria
1766 1829 2045 1878 discedentes
2068 1830 2218 1893 juve·

229 1929 309 1960 nes
345 1913 412 1959 ad
451 1912 635 1960 scholas
672 1914 862 1961 altiores
905 1927 1284 1976 promoventur,
1341 1925 1496 1961 motus
1537 1914 1819 1959 auctoritate
1855 1915 2049 1957 Summe
2088 1916 2209 1959 Ven-

225 1993 577 2059 Hufnagel,
613 1998 694 2058 qui
720 1997 831 2057 jam
861 2008 964 2043 tiam
998 1995 1130 2043 rebus
1151 1984 1327 2045 ¹nostris
1358 1995 1696 2042 humanissime
1726 1992 2008 2048 consulebat,
2047 1996 2213 2041 acade-

226 2082 379 2126 miam
408 2081 525 2142 petii
558 2079 921 2143 Erlangensem.
997 2078 1070 2124 Ibi
1102 2077 1467 2125 institutionibus
1507 2094 1614 2135 usus
1641 2092 1775 2122 sum:
1829 2078 2021 2122 Summe
2062 2082 2213 2124 Vene-

231 2161 397 2208 rabilis
433 2161 724 2211 H'ainlein,
774 2162 871 2205 viri
905 2177 1049 2220 supra
1079 2160 1240 2206 laudes
1271 2176 1399 2205 meas
1428 2160 1570 2222 longe
1596 2159 1729 2212 elati,
1778 2160 1911 2219 cujus
1939 2160 2211 2208 doctrinam

234 2246 304 2291 nil
342 2240 484 2303 plane
521 2244 704 2291 excellit
743 2250 891 2306 quam
922 2243 1074 2303 ⁸ipsius
1108 2241 1429 2286 amantissimi
1472 2241 1567 2286 viri
1605 2240 1830 2287 modestia
1849 2258 1870 2292 ,·
1900 2242 2212 2304 ‘amplissimi

231 2326 308 2374 Pf
315 2325 433 2372 eiff
442 2341 525 2381 er,
580 2326 860 2392 linguarum
890 2324 1194 2371 orientalium
1222 2319 1503 2389 professoris
1531 2323 1840 2378 meritissimi,
1888 2324 2018 2370 cuius
2043 2324 2212 2373 scholis

231 2399 569 2472 privatissimis
594 2411 641 2454 in
660 2425 755 2471 syr.
782 2419 825 2455 et
856 2405 990 2454 arab.
1019 2424 1103 2469 per
1129 2424 1309 2453 annum
1324 2402 1437 2472 sere
1448 2404 1595 2470 adfui
1606 2423 1636 2458 ,··
1659 2407 1941 2468 amplissimi
1969 2410 2208 2468 Breyer,

231 2496 364 2540 cuius
405 2491 734 2537 humanissimi
773 2494 870 2537 viri
916 2492 1296 2556 religiosissimus
1330 2505 1511 2542 semper
1553 2505 1634 2536 ero
1676 2487 1827 2536 cultor
1843 2504 1865 2539 ,-
1920 2489 2209 2549 amplissimi

232 2572 484 2629 Abicht,
519 2575 601 2637 qui
633 2573 797 2637 cuiq-ue
822 2571 931 2639 sere
962 2571 1284 2636 philosophiae
1315 2573 1521 2622 studioso
1551 2571 1665 2620 satis
1705 2580 1840 2618 notus
1875 2581 1971 2626 est,·
2016 2573 2210 2636 amplis·
