2413 3022
208 90 271 139 16
1008 83 1405 132 -·-<0<»·---

363 209 524 254 Natus
553 222 682 262 sum,
735 207 924 270 inquit,
974 206 1289 272 Francosurti
1322 200 1388 257 ad
1419 212 1650 259 Moenum
1680 214 1927 265 undecimo
1963 218 2199 267 Calendas

201 291 417 338 Martias
444 291 832 336 MDCCLXIX.
867 301 1006 351 patre
1040 292 1277 340 Joanne
1313 294 1582 358 Georgio
1615 297 1778 342 Roth
1798 329 1813 349 ,
1871 297 2001 346 chori
2031 303 2197 348 musici

199 374 265 418 ad
293 375 360 418 Sc.
397 371 686 418 Catharinae
717 372 962 433 quondam
990 373 1201 437 collega,
1244 373 1416 422 abhinc
1444 388 1647 439 quatuor
1671 375 1778 442 fere
1806 394 1959 428 annos
1987 395 2190 433 mortuo.

199 458 367 503 Prima
412 455 693 519 linguarum
728 465 869 516 atque
908 455 1088 500 artium
1122 456 1291 502 notitia
1332 459 1495 508 sedulo
1535 476 1610 507 me
1646 458 1911 509 imbuerunt
1943 464 2196 527 Gymnasii

198 539 346 601 patrii
382 547 486 582 tum
524 537 748 599 temporis
785 536 1028 589 doctores,
1078 539 1261 599 partim
1293 539 1448 586 adhuc
1484 543 1623 597 vivi,
1672 544 1852 605 partim
1888 545 1986 590 iam
2018 548 2196 592 mortui

197 623 331 681 (vivi
364 624 737 665 Purmannus
761 650 774 671 ,
835 618 1278 673 Rambachius,
1335 624 1699 678 Schillerus,
1755 641 1881 670 senes
1919 642 2042 671 nunc
2076 630 2193 675 rude

199 705 391 755 donati,
439 703 618 749 mortui
658 699 1015 755 Scherbius,
1068 701 1420 763 Zinokius),
1464 690 1668 768 quorum
1701 705 1760 754 ob
1786 708 1997 769 plurima
2034 711 2082 756 in
2117 703 2192 758 me

194 789 365 835 merita
395 785 678 832 memoriam
704 793 849 849 grata
879 794 1031 829 mente
1054 784 1254 831 recolere
1285 802 1532 849 nimquam
1563 786 1758 835 cessabo.
1826 790 2027 835 Annum
2063 802 2190 837 aeta-

200 874 261 916 tis
295 871 575 916 vicesimum
621 869 857 930 ingressus
893 871 1054 927 primo
1095 871 1144 913 in
1178 869 1504 922 academiam,
1558 887 1678 933 quae
1711 875 1882 922 Jenae,
1934 872 2099 916 deinde
2139 875 2188 918 in

198 952 358 1004 illam,
412 964 532 1011 quae
576 944 766 1011 Giessae
807 958 893 1001 est,
951 966 1026 996 me
1062 952 1264 1005 contuli,
1325 950 1480 1013 ibique
1511 950 1776 1016 theologiae
1807 953 1962 999 studio
1997 968 2071 998 me
2104 953 2189 999 ad-

196 1029 379 1094 plicare
411 1026 554 1088 coepi.
629 1025 851 1071 Triennio
890 1023 1048 1087 elapso
1083 1027 1131 1071 in
1159 1027 1373 1088 patriam
1406 1044 1619 1075 reversus
1654 1039 1697 1074 et
1729 1045 1855 1076 anno
1885 1039 1992 1091 post
2027 1031 2074 1074 in
2112 1046 2188 1075 sa-

200 1106 394 1154 cerdotii
446 1103 815 1150 candidatorum
863 1117 1114 1148 numerum
1162 1113 1370 1171 receptus
1410 1120 1532 1150 sum.
1640 1107 1887 1170 Quumque
1929 1106 2092 1151 eadem
2130 1107 2188 1151 de

197 1200 364 1232 caussa
396 1197 609 1248 cogerer,
665 1181 809 1225 nimis
840 1194 978 1241 saepe
1009 1174 1244 1227 orationes
1272 1195 1433 1226 sacras
1461 1180 1676 1244 publicas
1704 1180 1892 1236 habere,
1929 1198 1987 1228 ex
2013 1183 2117 1246 lege
2143 1192 2187 1229 et

199 1265 411 1308 instituto
451 1260 643 1322 quidem
672 1260 939 1313 maiorum,
988 1268 1107 1303 certe
1134 1255 1394 1311 benevolis,
1438 1259 1518 1303 sed
1544 1260 1623 1313 iis,
1673 1261 1755 1321 qui
1788 1262 1836 1305 in
1867 1260 2011 1306 literis
2036 1257 2188 1325 profi.

199 1358 299 1389 cere
327 1343 535 1404 cupiant,
576 1340 964 1403 impedimentum
986 1338 1197 1383 maxime
1217 1333 1538 1402 inserentibus,
1574 1342 1740 1403 paucis
1768 1342 1906 1387 annis
1935 1341 2186 1404 interjectis

198 1424 464 1489 theologiae
488 1420 784 1486 professione
810 1424 1005 1468 omnino
1034 1421 1224 1474 decessi,
1258 1422 1432 1481 quippe
1461 1437 1609 1483 quae,
1647 1424 2050 1484 quemadmodum
2068 1425 2184 1484 jam

199 1507 381 1552 dudum
413 1511 569 1550 minus
596 1502 797 1564 probata
832 1515 953 1555 erat,
988 1504 1182 1549 tandem
1212 1503 1368 1549 taedio
1398 1505 1542 1549 etiam
1572 1520 1665 1551 esse
1690 1506 1851 1567 coepit.
1927 1501 2184 1571 Quosacto

198 1600 386 1633 omnem
423 1600 618 1644 operam
647 1594 789 1645 atque
818 1598 958 1629 omne
984 1593 1188 1644 tempus,
1242 1584 1369 1645 quod
1405 1580 1465 1626 ab
1495 1584 1783 1629 institutione
1812 1598 2068 1644 puerorum
2099 1584 2185 1630 ad-

200 1668 589 1729 olescentiamque
626 1666 867 1728 utriusque
898 1680 1060 1718 sexus,
1114 1681 1276 1729 quam»
1304 1666 1353 1710 in
1386 1661 1602 1710 domibus
1637 1674 1892 1725 parentum
1928 1664 2183 1720 curabam,

199 1750 398 1797 liberum
420 1747 545 1814 suit,
578 1746 902 1810 philosophiae
930 1748 1087 1793 studio
1114 1747 1335 1808 impendi,
1373 1748 1505 1791 cuius
1531 1747 1745 1806 primum
1770 1747 2014 1807 specimen,
2056 1748 2184 1809 quod

198 1851 243 1883 a.
265 1834 632 1880 MDCCXCV.
669 1830 900 1896 vulgatu,
945 1828 1292 1891 amplissimum
1319 1828 1535 1874 ordinem
1569 1826 1957 1890 philosophorum
1993 1832 2042 1876 in
2074 1847 2184 1878 aca-

195 1918 355 1965 demia
382 1915 670 1979 Erlangensi
702 1912 934 1964 adduxit,
971 1921 1023 1957 ut
1053 1912 1239 1956 ineunte
1263 1924 1392 1956 anno
1423 1912 1804 1958 MDCCXCVI
1827 1909 2001 1958 honore
2026 1912 2182 1961 Philo-

196 1998 388 2061 sophiae
428 1998 654 2043 Doctoris
699 2006 743 2039 et
777 1995 882 2040 AA.
914 1996 1011 2037 LL.
1062 1994 1297 2055 Magistri
1335 2007 1412 2036 me
1449 2003 1652 2038 ornaret.
1740 1996 1799 2037 In
1823 1985 1936 2056 fine
1974 1995 2182 2056 ejusdem

197 2085 314 2131 anni
353 2079 597 2132 Umstadii
637 2092 784 2140 prope
816 2075 1034 2139 sylvam,
1090 2088 1211 2136 quae
1246 2089 1459 2122 sermone
1493 2063 1753 2122 vernaculo
1780 2060 1879 2121 >'der
1914 2075 2182 2129 Odenwald

200 2166 499 2217 nominatur,
551 2158 765 2209 scholam
794 2159 1042 2219 privatam
1071 2157 1279 2218 suscepi,
1341 2171 1535 2218 sperans
1564 2153 1709 2220 fore,
1764 2167 1815 2203 ut
1850 2172 1905 2203 ea
1934 2158 2042 2220 plus
2074 2163 2178 2216 otii,

203 2261 349 2309 quam
379 2259 471 2306 quo
502 2244 562 2288 in»
577 2240 691 2287 urbe
724 2241 886 2301 patria
916 2242 984 2285 uti
1013 2253 1222 2301 possem,
1272 2240 1429 2285 studio
1457 2238 1745 2300 relinqueret.
1822 2242 1957 2308 Quae
1976 2256 2079 2303 spes
2098 2245 2183 2289 etsi

202 2344 280 2375 me
304 2342 399 2374 non
419 2321 686 2389 fefellerat,
721 2332 896 2375 tamen,
933 2324 1043 2384 quia
1074 2337 1245 2368 merces
1270 2322 1543 2384 disciplinae
1570 2323 1820 2368 constituta
1851 2323 2001 2368 nescio
2022 2324 2181 2371 minor

200 2426 265 2456 an
304 2407 523 2453 incertior
546 2401 727 2469 suerit,
782 2405 918 2450 initio
957 2407 1077 2449 anni
1119 2394 1551 2452 MDCCXCVHI
1589 2403 1898 2450 Wetzlariam
1935 2399 2181 2465 profectus

200 2508 329 2544 sum,
373 2503 525 2551 quum
551 2484 898 2533 honestissimus
924 2488 1227 2543 Hinckel‚
1282 2488 1544 2553 negotiator
1572 2487 1816 2542 vinarius,
1861 2500 1937 2531 me
1963 2498 2177 2549 rogarat,

204 2574 287 2638 qui
320 2571 384 2618 ad
410 2585 518 2617 eum
544 2570 756 2617 venirem
789 2569 1136 2635 liberorumque
1171 2587 1365 2619 suorum
1394 2568 1709 2632 praeceptoris
1743 2563 1921 2634 officio
1958 2568 2007 2616 in
2037 2568 2180 2622 domo
